2961 3713
2282 352 2307 391 7

266 479 438 516 nimirum
465 473 561 523 quod
589 484 713 510 omnes
740 472 934 510 admodum
967 475 1133 510 recentes
1165 475 1260 510 sunt.
1312 472 1440 510 Eidem
1472 472 1637 509 homines
1672 471 1767 509 docti
1802 484 1873 520 quo
1908 473 2016 510 modo
2051 474 2310 522 praestantiam

268 550 418 598 Dialogi
442 547 543 585 miris
570 545 738 583 laudibus
764 546 976 594 praedicare
1002 549 1039 583 et
1066 546 1171 595 quasi
1195 546 1233 582 in
1268 548 1367 583 astra
1399 546 1526 583 tollere
1560 546 1713 594 possint,
1740 546 1828 582 mihi
1864 547 2058 584 obscurum
2091 550 2159 584 est.
2212 548 2307 584 Nam

269 626 436 675 profecto
464 622 518 658 ita
545 625 605 657 res'
632 632 672 657 se
697 620 827 657 habet:
872 622 936 656 aut
970 632 1044 657 non
1080 621 1168 657 satis
1200 623 1365 656 versatus
1399 620 1437 657 in
1470 620 1658 657 scribendo
1686 620 1756 656 fuit
1783 621 1845 668 qui
1870 622 2065 669 Dialogum
2092 622 2309 669 composuit,

269 701 300 736 si
326 707 455 734 revera
480 706 560 731 eam
589 695 849 741 quaestionem,
877 697 997 729 utrum
1025 694 1308 741 praestantiores
1335 697 1455 730 essent
1482 694 1624 742 antiqui
1647 697 1810 730 oratores
1833 706 1879 730 an
1900 696 2134 742 recentiores,
2156 695 2311 732 totidem

268 773 345 809 fere
372 768 493 807 verbis
520 768 636 804 altera
661 771 766 815 parte
800 768 970 804 tractavit
1006 771 1094 815 quot
1127 779 1223 814 rem,
1260 779 1367 815 quam
1401 768 1596 804 maximam
1631 779 1711 805 esse
1746 767 1919 814 vidimus,
1954 771 2017 804 aut
2050 769 2161 805 tertia
2195 769 2310 806 libelli

268 856 354 893 pars
382 843 596 879 detruncata
621 841 668 877 ad
694 853 760 877 nos
786 830 963 889 persenit.

451 915 604 950 Possum
630 915 700 950 hoc
726 913 807 950 loco
843 925 1125 950 commemorare
1161 914 1555 959 Schurzfleischium*),
1582 913 1855 949 Woltmannum
1865 913 1933 960 **),
1960 913 2309 960 Ecksteiniumm),

268 989 359 1025 alios
395 987 527 1035 prioris
561 987 734 1034 temporis
768 987 984 1034 interpretes
1022 990 1059 1022 et
1092 987 1268 1032 editores,
1314 987 1376 1034 qui
1412 989 1476 1022 aut
1508 986 1598 1023 nihil
1631 989 1695 1022 aut
1728 997 1913 1034 perpauca
1946 986 2059 1022 verba
2091 990 2311 1034 putaverunt

268 1061 448 1098 excidisse
484 1060 666 1107 iidemque
702 1073 792 1107 opus
819 1061 1037 1108 praecipuae
1071 1061 1158 1096 artis
1185 1061 1380 1107 Dialogum
1407 1061 1634 1107 interpretati
1662 1064 1765 1105 sunt,
1804 1060 1869 1096 sed
1896 1060 2095 1107 Georgium
2121 1061 2310 1098 Andresen

267 1138 408 1171 tantum
428 1134 587 1179 nomino,
609 1134 790 1169 hominem
813 1134 958 1169 doctum
980 1137 1090 1180 atque
1112 1133 1156 1169 de
1178 1133 1334 1180 Dialogo
1357 1137 1393 1169 et
1415 1133 1640 1169 emendando
1663 1136 1700 1169 et
1722 1133 1994 1180 interpretando
2016 1134 2109 1169 bene
2131 1135 2308 1170 meritum.

270 1208 338 1245 Oui
372 1210 415 1243 ut
448 1207 529 1243 Act.
565 1206 682 1242 diurn.
718 1218 838 1253 gymn.
876 1206 1035 1243 Berolin.
1065 1218 1097 1243 a.
1130 1208 1225 1243 1871
1262 1217 1347 1254 pag.
1385 1209 1471 1252 327,
1511 1206 1565 1242 ita
1600 1207 1636 1242 in
1672 1206 1831 1243 editione
1862 1206 1978 1243 altera
2011 1217 2161 1254 operum
2195 1208 2310 1244 Taciti

271 1281 468 1327 Orelliana,
498 1291 593 1328 quae
620 1292 652 1317 a.
684 1283 780 1318 1877
809 1280 972 1317 Berolini
999 1280 1139 1328 prelum
1166 1279 1331 1328 reliquit,
1359 1282 1396 1316 et
1422 1280 1459 1315 in
1487 1279 1646 1316 editione
1674 1291 1741 1316 sua
1766 1280 1914 1328 Dialogi
1940 1280 2120 1329 Lipsiensi
2146 1292 2181 1317 a.
2213 1284 2308 1319 1879

272 1364 486 1402 persuasum
512 1356 569 1390 est
595 1365 799 1391 connexum
826 1355 1089 1390 sententiarum
1114 1354 1245 1390 lacuna
1265 1354 1330 1389 illa
1355 1354 1393 1390 in
1420 1365 1498 1401 cap.
1523 1356 1570 1390 35
1598 1365 1671 1389 non
1698 1354 1805 1401 plane
1831 1354 1921 1389 tolli.
1969 1351 2092 1403 Quidss?
2137 1354 2312 1390 dissidere

269 1429 363 1463 inter
390 1439 428 1463 se
455 1430 577 1473 partes
605 1428 749 1474 Dialogi
776 1439 861 1462 num
889 1428 1005 1463 vidit?
1058 1429 1172 1463 Immo
1207 1430 1333 1474 aperte
1366 1428 1516 1474 agnovit
1549 1431 1586 1463 et
1620 1428 1774 1462 alterum
1808 1427 1928 1462 locum
1963 1439 2074 1474 supra
2099 1439 2313 1464 commemo-

269 1504 399 1547 ratum,
428 1500 473 1537 de
501 1512 573 1548 quo
599 1504 727 1548 postea
753 1500 975 1547 videbimus,
1010 1500 1250 1548 supplendum
1284 1511 1364 1538 esse
1400 1502 1541 1547 censet,
1578 1500 1641 1536 sed
1677 1500 1785 1536 aliter
1819 1500 1864 1536 de
1891 1500 1959 1536 hac
1985 1511 2025 1537 re
2048 1500 2211 1548 judicat:
2241 1512 2314 1537 non

272 1574 388 1610 solum
424 1574 471 1609 ad
506 1585 634 1610 causas
671 1574 877 1610 deminutae
913 1574 1141 1620 eloquentiae
1175 1574 1414 1621 explicandas
1448 1573 1577 1610 litteris
1611 1573 1806 1620 Dialogum
1840 1573 2050 1609 mandatum
2083 1585 2163 1610 esse
2197 1577 2314 1621 putat,

270 1647 333 1683 sed
360 1647 396 1682 id
424 1647 533 1683 etiam
561 1647 728 1695 scriptori
755 1647 981 1694 propositum
1011 1647 1137 1693 fuisse,
1174 1650 1214 1682 ut
1240 1648 1444 1683 Maternum
1478 1648 1633 1683 amicum
1659 1647 1761 1682 falsis
1788 1647 2099 1683 criminationibus
2126 1650 2313 1694 purgaret.

269 1721 376 1756 Illum
403 1721 511 1766 enim,
541 1721 603 1767 qui
629 1720 764 1767 primas
791 1723 914 1767 partes
940 1721 978 1755 in
1004 1721 1159 1767 Dialogo
1187 1721 1284 1767 agit,
1320 1721 1473 1757 eundem
1508 1732 1588 1757 esse
1620 1721 1698 1756 vult
1724 1723 1834 1767 atque
1861 1731 1962 1766 eum,
1996 1731 2104 1767 quem
2130 1720 2168 1756 in
2196 1720 2316 1757 Cassii

270 1794 399 1830 Dionis
433 1794 669 1840 reliquiarum
704 1794 766 1829 lib.
794 1794 934 1829 LXVII
970 1806 1050 1841 cap.
1081 1797 1126 1830 12
1157 1790 1219 1831 ὅτι
1258 1814 1300 1819 -
1331 1795 1455 1830 verbis
1488 1795 1568 1840 ejus
1602 1797 1686 1830 utor
1716 1814 1759 1819 —
1797 1792 1899 1830 κατὰ
1926 1793 2129 1842 τυράννων
2157 1787 2250 1831 εἶπέ
2274 1807 2316 1832 τι

271 1864 403 1903 ἀσκῶν
438 1878 460 1903 a
494 1866 702 1903 Domitiano
735 1867 954 1914 imperatore
987 1867 1217 1903 interfectum
1254 1879 1333 1903 esse
1367 1867 1533 1914 legimus.
1594 1868 1645 1902 At
1679 1867 1775 1903 enim
1809 1866 2027 1903 Franciscus
2053 1866 2315 1912 Weinkauff‘l’)

267 1939 361 1974 bene
388 1939 513 1975 docuit
540 1951 740 1986 cognomen
766 1940 921 1975 Materni
956 1952 1028 1975 non
1055 1943 1129 1975 tam
1164 1952 1286 1975 rarum
1320 1941 1431 1976 fuisse
1467 1951 1572 1987 quam
1600 1941 1752 1976 Peterus
1761 1940 1839 1985 ††),
1865 1940 2112 1986 Andresenus,
2148 1940 2212 1975 alii
2239 1940 2316 1987 opi·

271 2015 414 2059 nentur,
449 2012 514 2049 sed
549 2013 646 2049 omni
672 2016 834 2061 tempore
869 2013 966 2061 apud
1001 2014 1183 2051 Romanos
1219 2014 1513 2061 usitatissimum,
1549 2013 1716 2061 idemque
1750 2015 1853 2061 putat
1879 2011 2094 2065 σοφιστήν,
2121 2013 2147 2050 i.
2174 2025 2207 2051 e.
2235 2014 2317 2051 rhe-

272 2088 388 2123 torem
409 2087 576 2124 mercede
596 2087 796 2133 docentem,
816 2089 901 2135 apte
919 2087 1133 2134 Maternum,
1152 2089 1193 2124 ut
1212 2088 1274 2135 qui
1296 2090 1420 2124 orator
1437 2090 1476 2124 et
1492 2090 1603 2136 poeta
1621 2090 1728 2133 esset,
1751 2087 1874 2123 vocari
1899 2098 1972 2123 non
1999 2087 2182 2135 potuisse3
2210 2088 2316 2135 cujus

272 2160 303 2195 si
328 2160 399 2196 Dio
426 2161 647 2197 mentionem
682 2161 805 2197 facere
841 2160 1035 2207 voluisset,
1071 2161 1109 2196 in
1136 2173 1214 2208 cap.
1247 2164 1292 2198 13
1328 2161 1423 2197 inter
1448 2161 1684 2208 philosophos
1710 2164 1774 2196 aut
1800 2163 1915 2197 morte
1941 2163 2006 2197 aut
2032 2161 2167 2198 exsilio
2194 2172 2217 2197 a
2243 2162 2316 2198 Do-

272 2233 422 2271 mitiano
450 2234 623 2271 multatos
649 2234 751 2271 locus
778 2234 918 2271 fuisset.

456 2308 651 2355 Utcunque
678 2319 737 2344 res
765 2319 803 2343 se
830 2308 960 2354 habet,
997 2307 1086 2343 illud
1120 2308 1318 2344 tenendum
1345 2319 1424 2345 esse
1451 2310 1541 2356 puto
1568 2308 1714 2356 Dialogi
1741 2310 1939 2354 auctorem,
1967 2310 2045 2345 sive
2070 2308 2220 2345 Tacitus
2247 2308 2317 2345 fuit

271 2381 348 2416 sive
383 2380 496 2428 alius,
539 2382 615 2417 sine
659 2381 767 2417 dubio
811 2382 892 2428 ejus
936 2382 1158 2428 quaestionis
1193 2392 1336 2428 semper
1369 2393 1563 2418 memorem
1597 2382 1720 2427 fuisse,
1763 2382 1810 2416 ad
1850 2392 1959 2428 quam
1993 2393 2251 2429 responsurum
2278 2393 2316 2417 se

273 2465 353 2489 esse
379 2455 417 2490 in
444 2466 523 2502 cap.
549 2459 566 2491 1
596 2456 780 2502 promisit,
809 2458 919 2501 atque
945 2458 1022 2490 tum
1050 2455 1192 2491 demum
1221 2456 1309 2502 quin
1335 2456 1429 2492 bene
1455 2468 1531 2492 rem
1557 2455 1710 2502 gesserit
1737 2454 1895 2491 dubitari
1921 2467 1996 2492 non
2022 2467 2142 2503 posse,
2171 2468 2252 2492 cum
2279 2456 2316 2492 in

271 2526 380 2563 tertia
412 2527 525 2565 libelli
551 2530 655 2576 parte
683 2539 865 2564 sumamus
891 2527 989 2564 haud
1014 2539 1133 2575 pauca
1157 2528 1350 2565 interiisse.

1279 2630 1319 2671 2.

456 2716 578 2765 Atque
611 2717 760 2763 lacuna,
801 2728 895 2764 quae
929 2719 985 2754 est
1018 2717 1114 2754 inter
1148 2729 1251 2766 capp.
1282 2720 1329 2755 35
1358 2720 1395 2754 et
1423 2720 1484 2764 36,
1527 2721 1662 2765 quanta
1695 2717 1805 2754 fuerit
1839 2717 1946 2754 facile
1980 2717 2124 2755 videtur
2158 2717 2205 2753 ad
2239 2717 2316 2754 effi-

271 2788 450 2836 ciendum,
479 2791 565 2838 quia
590 2791 676 2828 libri
701 2802 811 2828 manu
838 2791 963 2839 scripti
989 2802 1064 2828 non
1091 2790 1199 2828 modo
1220 2791 1374 2828 multum
1399 2791 1462 2828 illo
1488 2791 1569 2828 loco
1598 2792 1725 2828 deesse
1754 2794 1867 2828 testes
1895 2794 1990 2838 sunt,
2027 2791 2090 2827 sed
2118 2791 2190 2827 duo
2218 2791 2317 2838 iique

457 2912 487 2953 *)
509 2915 678 2947 Animadv.
702 2917 771 2947 crit.
794 2917 829 2947 in
849 2916 1022 2956 Dialogum
1044 2916 1084 2947 de
1107 2919 1187 2947 orat.
1209 2917 1243 2947 in
1263 2916 1355 2948 Actis
1378 2916 1460 2947 liter.
1503 2915 1644 2947 Vitemb.
1667 2927 1695 2947 a.
1720 2914 1802 2947 1714
1824 2927 1897 2957 pag.
1922 2915 1991 2947 184.

441 2964 491 3004 **)
514 2968 638 2998 Transl.
661 2978 800 3008 german.
823 2969 965 2998 omnium
987 2969 1093 2998 Taciti
1114 2968 1268 2998 librorum
1291 2978 1362 2998 cum
1387 2973 1606 2998 commentatt.
1630 2973 1663 2999 et
1684 2970 1770 2999 notis
1794 2970 1937 3000 Berolini
1961 2968 2175 2999 1811—1817.

426 3016 495 3057 ***)
516 3019 665 3061 Prolegg.
687 3022 721 3052 in
743 3021 819 3052 Tac.
841 3021 969 3061 Dialog.
992 3021 1030 3051 de
1054 3024 1133 3051 orat.
1176 3020 1269 3051 Halis
1291 3020 1363 3052 Sax.
1387 3030 1415 3052 a.
1449 3019 1529 3052 1835
1550 3031 1622 3062 pag.
1644 3020 1695 3052 29.

455 3068 489 3109 †)
511 3071 561 3101 De
583 3073 697 3104 Tacito
719 3073 859 3113 Dialogi,
882 3074 937 3112 qui
960 3073 999 3103 de
1021 3076 1114 3103 oratt.
1137 3072 1325 3103 inscribitur
1346 3076 1488 3109 auctore,
1511 3074 1586 3104 edit.
1609 3083 1684 3105 nov.
1706 3078 1803 3114 atque
1827 3079 1911 3105 auct.
1933 3084 1961 3105 a.
1990 3073 2070 3105 1880
2092 3084 2164 3114 pag.
2187 3075 2271 3104 LIV.

430 3121 486 3162 Η)
508 3124 580 3155 vid.
602 3126 702 3164 praef.
725 3126 801 3157 edit.
823 3126 953 3166 Dialogi
976 3126 1079 3157 Jenae
1101 3135 1130 3156 a.
1161 3124 1241 3156 1877
1263 3135 1335 3166 pag.
1357 3124 1408 3156 20.
