2825 3680
2260 370 2315 411 15

255 503 479 542 anxietatem
506 499 725 535 contrariam
753 498 991 550 experimur-⁸
1021 498 1073 545 (in
1095 510 1179 550 cap.
1204 499 1268 543 39)
1291 499 1499 535 Secundum
1526 498 1757 549 potissimum
1784 498 1955 549 prodant,
1981 497 2169 534 hominem
2200 516 2243 522 —
2276 499 2317 533 ut

258 578 310 615 ait
333 573 582 619 Quintilianus
591 571 627 618 ²⁸¹)
657 592 699 598 —
724 572 889 609 infinitae
916 572 1070 620 curae‘3
1105 584 1196 625 pag.
1233 573 1304 610 145
1327 574 1450 609 autem
1476 572 1501 608 l.
1530 584 1562 609 c.
1584 572 1776 609 Messalam
1803 572 1877 609 illic
1903 572 2016 609 verba
2042 571 2167 609 facere
2195 573 2316 622 putat.

442 646 582 683 Contra
604 649 810 682 ceterorum
826 646 975 694 Dialogi
993 647 1174 683 editorum
1193 649 1231 682 et
1247 647 1487 694 interpretum
1506 646 1684 693 plurimis,
1705 657 1779 695 quo
1797 646 1834 682 in
1853 657 2004 682 numero
2024 645 2180 682 Carolus
2192 644 2316 689 Peter,

254 721 432 760 Aemilius
458 719 661 765 Baehrens,
688 720 752 755 alii
777 720 943 756 homines
970 720 1068 756 docti
1094 730 1168 754 non
1194 719 1402 755 levissimae
1438 720 1668 755 auctoritatis
1695 723 1798 765 sunt,
1826 719 1953 754 eadem
1980 719 2157 766 cogitatio
2191 718 2316 753 animo

255 796 449 832 informata
475 804 498 828 a
525 803 605 840 cap.
634 795 682 829 36
711 804 831 842 usque
858 794 905 829 ad
931 792 1040 829 finem
1075 804 1155 840 cap.
1185 796 1230 829 41
1269 792 1415 829 videtur
1450 793 1604 839 aperiri3
1652 803 1768 842 quare
1801 792 1980 837 Materno,
2016 804 2127 842 quem
2163 791 2317 841 quidem

255 865 511 917 disputationis
546 864 655 903 finem
690 865 821 903 fecisse
856 877 907 904 ex
941 866 1047 904 initio
1080 877 1159 914 cap.
1189 868 1236 903 42
1266 868 1438 914 apparet,
1473 868 1588 903 totam
1621 865 1721 903 illam
1754 865 1869 903 libelli
1902 868 2042 913 partem
2077 864 2316 910 tribuunt.**)

254 942 297 978 In
322 939 449 988 primis
473 950 569 990 quae
591 940 764 987 leguntur
790 940 827 975 in
854 950 934 988 cap.
964 942 1012 976 36
1045 939 1131 986 „illa
1156 939 1434 988 perturbatione
1461 950 1504 975 ac
1525 939 1675 975 licentia
1695 939 1803 987 plura
1823 938 1892 975 sibi
1913 939 2061 990 assequi
2082 938 2316 985 videbantur,

254 1025 336 1051 cum
361 1013 489 1050 mixtis
517 1014 683 1050 omnibus
711 1016 747 1050 et
782 1015 1014 1050 moderatore
1048 1024 1122 1049 uno
1158 1014 1368 1049 carentibus
1402 1017 1546 1049 tantum
1581 1014 1741 1064 quisque
1777 1016 1902 1049 orator
1934 1016 2096 1060 saperet,
2134 1015 2315 1063 quantum

254 1087 391 1124 erranti
417 1087 555 1135 populo
582 1086 805 1134 persuadere
831 1086 997 1134 poterat‘
1027 1089 1066 1122 et
1092 1098 1173 1134 cap.
1201 1089 1249 1123 37
1277 1087 1369 1123 haec
1396 1087 1527 1122 verba:
1567 1087 1819 1137 „quaestionis
1845 1086 2113 1122 meminerimus
2140 1086 2317 1122 sciamus-

256 1172 331 1211 que
358 1171 426 1196 nos
454 1159 500 1196 de
526 1170 570 1196 ea
596 1171 636 1196 re
663 1159 780 1210 loqui,
809 1171 907 1210 quae
944 1159 1088 1196 facilius
1114 1160 1271 1196 turbidis
1298 1163 1335 1197 et
1362 1160 1540 1210 inquietis
1576 1160 1802 1207 temporibus
1835 1159 1987 1195 existit“
2023 1159 2153 1195 Petero
2190 1159 2317 1195 viden—

255 1236 315 1270 tur
341 1232 541 1279 declarare,
577 1232 643 1284 qui
675 1213 767 1269 haec
799 1233 945 1269 locutus
981 1233 1029 1269 sit
1064 1232 1218 1270 eundem
1254 1244 1334 1270 esse
1368 1236 1484 1284 atque
1518 1244 1618 1279 eum,
1656 1233 1722 1283 qui
1756 1233 1794 1268 in
1829 1243 1908 1280 cap.
1939 1234 1987 1269 40
2024 1231 2121 1268 dicat
2145 1243 2314 1279 magnam

253 1306 353 1343 illam
379 1306 514 1354 prioris
541 1306 715 1354 temporis
744 1307 993 1357 eloquentiam
1020 1306 1189 1342 licentiae
1216 1306 1399 1342 alumnam
1427 1307 1539 1343 fuisse
1572 1310 1610 1343 et
1643 1307 1682 1342 in
1709 1318 1788 1354 cap.
1819 1309 1864 1342 41
1897 1316 2208 1352 supervacaneum
2235 1317 2316 1341 esse

258 1380 355 1418 inter
390 1381 604 1418 innocentes
638 1383 820 1417 oratorem
853 1380 948 1417 sicut
980 1380 1076 1419 inter
1108 1392 1216 1417 sanos
1251 1381 1442 1417 medicum.
1505 1381 1639 1432 Neque
1683 1380 1790 1417 aliam
1832 1380 1935 1417 videt
1968 1379 2213 1416 differentiam
2246 1379 2316 1415 nisi

256 1454 359 1507 quod
388 1465 485 1507 quae
512 1456 623 1492 antea
649 1454 814 1503 dispersa
838 1454 1028 1492 Maternus
1063 1454 1227 1492 attulerit
1262 1454 1393 1492 deinde
1428 1454 1592 1492 oratione
1627 1453 1842 1503 complexus
1878 1453 1937 1491 sit.
1991 1453 2125 1505 Itaque
2159 1452 2317 1502 priorem

253 1529 503 1579 eloquentiam
530 1529 601 1565 etsi
627 1528 824 1565 recentiori
851 1531 1039 1576 praestare
1067 1531 1227 1574 censeat,
1267 1540 1395 1565 causas
1433 1532 1555 1565 tamen
1593 1529 1691 1564 illius
1729 1528 1976 1576 praestantiae
2009 1526 2167 1563 eundem
2199 1526 2317 1562 odisse

252 1604 367 1653 atque
395 1602 558 1654 quietem
585 1605 623 1639 et
650 1603 883 1639 securitatem
909 1602 1028 1639 famae
1054 1602 1270 1654 gloriaeque
1297 1606 1533 1651 anteponere.

440 1676 514 1714 Sed
550 1677 641 1714 haec
676 1677 865 1714 hacteuus.
939 1676 1045 1713 Nunc
1085 1677 1164 1725 ipse
1208 1677 1300 1728 quid
1335 1678 1488 1714 sentiam
1534 1677 1579 1714 de
1625 1677 1843 1727 quaestione
1882 1676 1946 1712 illa
1980 1675 2186 1722 dijudicata
2223 1675 2319 1710 diffi-

251 1749 387 1787 cillima
414 1750 589 1799 aperiam.

438 1824 494 1861 Ac
519 1824 674 1873 primum
713 1824 862 1875 quidem
889 1824 1076 1862 Beckerus
1113 1827 1150 1862 et
1177 1824 1415 1862 Andresenus
1449 1836 1574 1862 errore
1610 1824 1708 1873 capti
1742 1836 1823 1862 esse
1858 1823 1949 1860 mihi
1985 1822 2156 1861 videntur
2190 1823 2319 1860 existi-

251 1899 393 1933 mantes
418 1897 637 1944 Maternum,
664 1900 925 1948 praeterquam
953 1898 1055 1948 quod
1081 1909 1395 1945 supervacaneum
1423 1909 1504 1935 esse
1540 1901 1724 1934 oratorem
1751 1898 1789 1933 in
1817 1897 1967 1933 civitate
1994 1897 2042 1934 ad
2068 1899 2195 1933 votum
2223 1907 2319 1933 com·

251 1971 372 2017 posita
424 1970 682 2018 declaraverit,
734 1971 825 2008 nihil
869 1969 1018 2008 omnino
1063 1971 1261 2009 contulisse
1307 1975 1371 2008 aut
1416 1972 1583 2008 conferre
1628 1971 1792 2019 potuisse
1837 1970 1885 2007 ad
1930 1982 2062 2007 causas
2107 1970 2320 2007 imminutae

251 2044 499 2080 Romanorum
527 2045 762 2096 eloquentiae
789 2045 1040 2093 explicandas.
1093 2046 1186 2082 Nam
1216 2057 1292 2095 qua
1318 2057 1358 2081 re
1386 2046 1575 2092 prohiberi
1612 2046 1735 2092 potuit
1769 2045 1808 2080 id
1836 2045 1971 2090 facere,
2012 2044 2114 2094 quod
2140 2045 2319 2081 facturum

253 2128 293 2153 se
319 2128 401 2154 esse
427 2117 467 2153 in
493 2129 574 2166 cap.
606 2121 652 2156 16
687 2121 725 2155 et
758 2130 826 2167 pro
861 2130 900 2155 se
934 2121 972 2155 et
1004 2130 1071 2166 pro
1107 2118 1275 2155 Secundo
1309 2119 1503 2166 promisit?
1556 2118 1699 2155 Deinde
1733 2121 1989 2165 argumentum
2023 2128 2156 2165 parum
2189 2121 2319 2165 potens

249 2189 437 2226 Beekerus
464 2202 516 2227 ex
550 2192 680 2228 eodem
713 2202 792 2240 cap.
824 2195 870 2229 16
905 2192 987 2228 loco
1022 2191 1174 2228 duxisse
1199 2190 1383 2239 putandus
1417 2194 1484 2238 est,
1520 2203 1602 2227 cum
1637 2192 1746 2228 docet
1780 2190 1939 2228 Secundi
1972 2191 2107 2237 verba,
2145 2191 2319 2241 quoniam

248 2263 435 2300 Maternus
470 2275 614 2302 omnem
648 2264 930 2313 disputationem
963 2264 1178 2311 concludat,
1213 2276 1236 2301 a
1263 2276 1341 2312 cap.
1372 2267 1420 2302 36
1449 2276 1569 2315 usque
1596 2264 1643 2301 ad
1671 2276 1751 2312 cap.
1782 2266 1830 2301 40
1860 2266 2032 2311 oportere
2059 2265 2317 2309 antecessisse3

248 2347 334 2373 nam
360 2337 444 2373 fieri
470 2338 634 2387 potuisse
661 2350 772 2387 supra
798 2339 976 2386 vidimus,
1013 2340 1054 2375 ut
1081 2338 1197 2375 oratio
1227 2339 1309 2386 ejus
1333 2339 1412 2386 jam
1438 2338 1536 2376 inter
1562 2349 1669 2388 capp.
1699 2339 1747 2375 35
1776 2340 1815 2375 et
1843 2340 1891 2377 36
1919 2337 2133 2385 excideret,
2169 2338 2232 2375 ubi
2258 2338 2318 2377 ille

251 2412 402 2462 quidem
428 2414 606 2461 maiorem
631 2413 799 2450 lacunam
826 2426 906 2450 esse
933 2414 1136 2461 negat.***)
1184 2414 1276 2449 Tum
1304 2414 1522 2460 Messallam,
1551 2418 1593 2450 ut
1619 2424 1728 2451 caeco
1765 2413 2003 2465 antiquorum
2031 2425 2156 2450 amore
2181 2414 2318 2450 inflam-

247 2489 403 2533 matum,
445 2498 509 2523 eas
545 2498 673 2524 causas
707 2488 849 2524 fractae
884 2488 1117 2539 eloquentiae
1152 2488 1394 2539 exposuisse,
1438 2499 1537 2538 quae
1578 2488 1663 2524 inde
1708 2499 1732 2523 a
1767 2499 1851 2539 cap.
1896 2490 1944 2525 36
1988 2488 2236 2538 proferuntur,
2272 2499 2318 2524 ne

248 2560 402 2607 cogitari
438 2559 587 2611 quidem
622 2563 756 2612 potest.
819 2562 1011 2598 Postremo
1046 2562 1277 2599 examinanti
1316 2562 1406 2598 mihi
1450 2573 1514 2599 eos
1549 2561 1669 2608 locos,
1717 2573 1811 2612 quos
1847 2562 2051 2599 contrarios
2082 2561 2319 2599 Andresenus

246 2634 386 2684 posuit,
415 2636 457 2671 ut
483 2638 568 2673 ante
595 2646 679 2686 cap.
708 2636 757 2673 40
785 2635 898 2672 alium
925 2635 1108 2674 hominem
1135 2646 1179 2673 ac
1199 2635 1406 2673 Maternum
1427 2635 1541 2674 verba
1560 2635 1684 2673 facere
1709 2634 1988 2683 demonstraret,
2015 2635 2147 2672 mirum
2173 2634 2319 2672 videtur

246 2718 338 2754 esse,
379 2709 479 2759 quod
517 2709 625 2746 finem
662 2721 745 2761 cap.
776 2713 824 2747 40
860 2722 942 2747 cum
969 2710 1091 2746 verbis
1119 2721 1201 2761 cap.
1232 2713 1279 2747 37
1308 2710 1430 2746 allatis
1457 2710 1686 2760 composuit,
1723 2710 1785 2745 ubi
1821 2709 2000 2756 Catilina,
2036 2709 2135 2756 Milo,
2169 2709 2316 2755 Verres,

244 2779 433 2818 Antonius
461 2786 801 2830 commemorantur,
831 2784 1081 2820 Gracchorum
1108 2784 1244 2820 mentio
1272 2784 1371 2820 facta
1396 2786 1454 2819 est
1481 2783 1597 2819 nulla.

433 2947 450 2967 *
488 2951 598 2983 Instit.
621 2955 701 2983 orat.
724 2951 764 2982 X.
785 2949 816 2988 3,
840 2949 890 2981 12.

410 2949 466 3041 **))
482 3003 624 3033 Steineri
656 3003 877 3044 conjecturam
911 3005 997 3034 inter
1030 3013 1122 3043 capp.
1155 3002 1195 3033 41
1230 3008 1263 3033 et
1295 3002 1337 3033 42
1370 3003 1521 3033 lacunam
1554 3014 1626 3034 esse
1650 3004 1867 3036 Weinkauffio
1899 3004 1919 3034 1.
1953 3012 1980 3033 c.
2010 3011 2088 3044 pgg.
2118 3003 2260 3032 LXVIII
2284 3007 2318 3033 et

242 3050 411 3085 LXXXIV
431 3054 600 3094 probatam
623 3056 757 3087 Carolus
779 3057 899 3087 Meiser
921 3056 1019 3096 (Krit.
1043 3056 1136 3087 stud.
1159 3066 1232 3087 zum
1254 3056 1414 3096 Dialogus
1437 3057 1505 3087 und
1531 3067 1589 3087 zur
1610 3057 1717 3088 Germ.
1741 3058 1797 3088 des
1820 3057 1952 3088 Tacitus
1974 3056 2159 3086 Eichstaett
2182 3065 2211 3088 a.
2237 3054 2316 3088 1871

241 3111 316 3143 m.
337 3103 379 3136 53
392 3105 566 3198 3⁴52th
578 3108 745 3203 ιΑἰιιιὶὲίιὲι
766 3109 933 3192 &gemens
954 3110 1005 3141 ed.
1028 3108 1114 3141 Dial.
1136 3109 1227 3149 Lips.
1249 3119 1280 3141 a.
1304 3108 1384 3140 1881
1408 3119 1481 3150 pag.
1504 3109 1544 3140 99
1567 3110 1756 3142 refellerant
1778 3114 1811 3142 et
1833 3110 2075 3151 redarguerunt.
