2853 3670
2276 329 2330 370 17

264 457 459 501 colentem,
488 455 657 491 undecim
686 456 834 490 senatus
861 456 1027 490 actorum
1055 455 1093 489 et
1118 455 1194 489 tres
1221 452 1459 499 epistolarum
1485 450 1599 487 libros
1625 462 1742 497 nuper
1763 452 1935 489 collectos
1957 452 2105 499 penitus
2126 453 2334 499 percepisse

263 541 338 566 non
365 528 474 564 facile
501 528 729 564 crediderim.

452 600 555 637 Haec
582 602 755 649 quoniam
782 600 1042 647 exposuimus,
1079 599 1117 634 in
1145 598 1198 635 eis
1225 598 1335 644 locis,
1373 609 1465 645 quos
1499 598 1596 634 inter
1635 608 1674 633 se
1702 598 1904 634 contrarios
1930 600 2169 636 Andresenus
2196 600 2332 647 posuit,

263 676 383 722 major
409 676 465 711 vis
493 675 767 721 auctoritasque
796 674 916 710 inesse
942 673 1164 709 videbuntur
1190 672 1238 707 ad
1264 672 1303 708 id
1331 672 1429 718 quod
1455 672 1571 708 voluit
1597 672 1838 719 probandum.

452 749 577 794 Atque
604 751 646 782 ut
674 747 832 783 Materni
861 747 982 783 verbis
1011 746 1158 794 saepius
1189 745 1479 781 commemoratis
1510 756 1607 791 „non
1637 747 1682 782 de
1714 745 1834 781 otiosa
1855 748 1892 781 et
1914 746 2037 792 quieta
2057 758 2098 782 re
2120 747 2327 794 loquimur“

264 832 362 871 quae
384 821 557 868 proxima
584 823 687 857 sunt:
720 824 798 866 „est
823 831 960 867 magna
984 819 1049 855 illa
1070 822 1108 855 et
1133 818 1306 855 notabilis
1333 818 1544 865 eloquentia
1572 820 1721 855 alumna
1741 818 1924 864 licentiae,
1953 830 2063 869 quam
2092 820 2194 856 stulti
2220 820 2329 857 liber-

262 898 377 931 tatem
395 897 539 940 vocant,
560 905 681 930 comes
701 893 932 939 seditionum,
960 892 1128 929 effrenati
1149 892 1277 940 populi
1294 892 1582 938 incitamentum,
1611 892 1690 928 sine
1710 892 1909 939 obsequio⁴‘
1932 905 2013 929 cum
2027 894 2330 940 praecedentibus

261 979 338 1004 non
366 979 569 1015 congruere
597 968 805 1004 accuratius
833 967 1054 1014 significem,
1082 966 1155 1002 illis
1180 966 1272 1002 locis
1299 966 1440 1002 subicio
1475 966 1553 1010 hos,
1591 967 1653 1001 ubi
1689 967 1836 1003 diversa
1862 967 2067 1002 aestimatio
2095 968 2330 1017 eloquentiae

261 1042 443 1088 aperitur:
474 1052 494 1077 e
522 1052 601 1088 cap.
617 1043 663 1077 37
697 1052 792 1087 „quo
820 1060 862 1066 -
889 1060 931 1065 —
962 1040 1125 1076 acriores
1152 1050 1297 1086 pugnas
1324 1039 1394 1074 sibi
1417 1039 1497 1086 ipsa
1525 1039 1764 1086 (eloquentia)
1792 1039 2056 1086 desumpserit,
2084 1043 2186 1076 tanto
2220 1042 2330 1078 altior

261 1117 298 1150 et
326 1114 506 1151 excelsior
533 1116 570 1149 et
597 1113 669 1149 illis
696 1113 889 1151 nobilitata
899 1114 934 1158 *)
962 1112 1233 1150 discriminibus
1267 1112 1306 1147 in
1343 1124 1405 1148 ore
1442 1112 1628 1148 hominum
1669 1113 1783 1159 agit“,
1821 1117 1858 1148 et
1894 1124 1915 1149 e
1950 1124 2031 1160 cap.
2070 1116 2116 1149 38
2170 1115 2329 1161 „primns

263 1208 307 1213 —
348 1207 394 1213 -
436 1188 502 1223 Cn.
538 1188 756 1234 Pompejus.
775 1187 946 1223 astrinxit
979 1187 1228 1236 imposuitque
1265 1186 1379 1222 veluti
1406 1186 1530 1221 frenos
1557 1187 1801 1233 eloquentiae,
1831 1187 1884 1222 ita
1910 1191 2033 1223 tamen
2069 1190 2109 1222 ut
2146 1189 2266 1223 omnia
2292 1189 2329 1224 in

263 1261 356 1306 foro,
386 1261 509 1296 omnia
534 1260 691 1308 legibus,
721 1261 843 1296 omnia
870 1261 969 1308 apud
994 1262 1184 1307 praetores
1211 1259 1466 1306 gererentur“.

449 1334 589 1371 Contra
625 1335 692 1370 has
719 1335 878 1370 rationes
915 1334 1106 1370 universas
1143 1333 1243 1369 locos
1271 1344 1356 1380 pag.
1401 1335 1445 1369 15
1475 1344 1495 1368 e
1530 1333 1651 1369 Peteri
1688 1333 1848 1370 editione
1886 1333 2036 1381 Dialogi
2073 1333 2203 1371 allatos
2240 1335 2330 1371 nihil

259 1407 382 1444 valere
419 1411 521 1454 puto.
577 1406 673 1443 Nam
701 1408 890 1443 Secundus
928 1419 1010 1442 cum
1048 1407 1303 1452 dissensiones,
1341 1407 1648 1454 perturbationes,
1688 1407 1898 1452 seditiones,
1935 1407 2011 1442 alia
2038 1407 2171 1454 prioris
2199 1409 2330 1444 aetatis

257 1481 354 1516 mala
381 1482 541 1518 breviter
569 1482 732 1527 attingit,
762 1492 855 1528 quae
882 1482 929 1517 ab
955 1482 1102 1517 homine
1130 1481 1207 1516 sine
1233 1482 1289 1516 ira
1310 1484 1348 1516 et
1377 1480 1498 1516 studio
1530 1480 1717 1526 judicante
1746 1482 1890 1516 silentio
1912 1482 2157 1527 praetermitti
2185 1483 2331 1518 omnino

258 1566 331 1590 non
354 1558 537 1602 poterant,
560 1555 687 1591 laudes
710 1566 776 1591 suo
799 1555 956 1601 tempori
977 1555 1236 1601 impertiendas
1264 1555 1453 1590 commode
1480 1554 1645 1590 adornat.
1691 1555 1817 1600 Longe
1844 1558 1967 1591 autem
1994 1556 2111 1600 abest,
2139 1559 2180 1591 ut
2211 1557 2331 1602 „quod

259 1631 425 1674 superest
463 1628 606 1675 antiqui
641 1627 849 1663 oratoribus
886 1628 1021 1672 fori**)
1058 1638 1133 1663 non
1171 1627 1384 1663 emendatae
1425 1638 1492 1663 nec
1530 1638 1646 1674 usque
1685 1628 1731 1663 ad
1766 1631 1889 1663 votum
1917 1627 2142 1675 compositae
2170 1628 2331 1664 civitatis

259 1702 541 1747 argumentum“
582 1713 662 1737 esse
700 1713 782 1737 cum
817 1702 983 1737 Materno
1020 1701 1081 1736 ille
1120 1701 1270 1747 sentiat,
1318 1701 1380 1747 qui
1429 1700 1579 1750 quidem
1616 1701 1850 1747 compositam
1896 1713 1977 1737 eam
2023 1705 2059 1737 et
2097 1702 2258 1748 quietam
2295 1706 2332 1738 et

258 1774 400 1810 beatam
437 1775 543 1810 initio
579 1786 658 1821 cap.
697 1778 744 1811 36
786 1778 913 1820 aperte
950 1778 987 1810 et
1024 1774 1132 1820 plane
1171 1774 1316 1809 dixerit.
1368 1774 1464 1809 Nam
1502 1785 1584 1808 cum
1623 1774 1682 1808 hic
1719 1786 1859 1819 rerum,
1897 1786 1991 1820 quae
2019 1775 2054 1809 in
2084 1786 2153 1809 usu
2180 1777 2330 1821 vitaque

259 1847 441 1883 communi
467 1858 554 1884 vere
582 1850 620 1884 et
639 1851 723 1884 sunt
744 1850 782 1884 et
809 1848 912 1894 fiunt,
940 1847 1119 1883 rationem
1140 1847 1287 1893 habeat,
1316 1846 1377 1883 ille
1400 1846 1626 1894 singularem
1651 1848 1830 1894 quandam
1851 1848 2140 1895 perfectissimae
2169 1848 2330 1885 civitatis

256 1920 452 1967 imaginem
476 1922 596 1957 animo
624 1922 694 1957 sibi
721 1922 828 1957 finxit
855 1921 1051 1969 fictamque
1078 1923 1193 1957 tenet.

444 1997 575 2042 Itaque
603 1997 794 2031 Secundus
821 1996 918 2031 vitae
949 2006 1036 2031 suae
1065 1996 1275 2031 conditione
1303 1999 1495 2031 contentus
1524 1998 1592 2041 est,
1619 1996 1761 2031 etiamsi
1787 2006 1870 2031 raro
1898 1996 2036 2031 factum
2064 1996 2210 2032 videtur
2236 2007 2329 2043 esse,

257 2072 298 2104 ut
324 2070 432 2105 homo
460 2071 522 2106 ille
554 2070 741 2115 „infinitae
768 2071 899 2106 curae“
931 2070 1004 2105 alia
1031 2070 1076 2105 de
1103 2082 1145 2106 re
1172 2074 1283 2116 atque
1315 2070 1361 2105 de
1388 2070 1487 2105 furto
1520 2089 1563 2095 -
1594 2070 1707 2116 ipsius
1740 2073 1824 2105 utor
1851 2070 1974 2105 verbis
2007 2089 2050 2095 —
2081 2074 2146 2105 aut
2173 2071 2331 2106 formula

256 2144 294 2178 et
330 2142 528 2180 interdictov
564 2143 757 2181 dicendum
784 2143 954 2190 baberet3
982 2143 1181 2189 Maternus,
1219 2155 1439 2191 quamquam
1467 2143 1633 2180 civitates
1669 2143 1868 2180 domestica
1896 2143 2081 2180 discordia
2107 2145 2265 2192 agitatas
2292 2145 2329 2180 in

256 2216 463 2253 clientelam
490 2229 594 2253 suam
615 2218 791 2265 recipere,
815 2218 911 2254 tueri
932 2218 1140 2265 provincias
1163 2218 1339 2265 spoliatas
1361 2221 1473 2265 atque
1494 2220 1646 2253 vexatas
1674 2217 1734 2262 (cf.
1763 2228 1868 2264 capp.
1899 2220 1920 2253 3
1949 2221 1987 2253 et
2015 2219 2036 2254 5
2066 2229 2149 2254 cum
2175 2229 2255 2265 cap.
2280 2222 2325 2255 41

256 2291 363 2334 init.),
392 2290 484 2325 alias
511 2302 570 2326 res
597 2291 644 2326 ad
672 2291 883 2327 alliciendos
911 2294 948 2326 et
976 2290 1257 2326 commovendos
1284 2291 1511 2327 audientium
1538 2290 1678 2326 animos
1704 2290 1855 2325 idoneas
1882 2301 1994 2337 agere
2022 2294 2179 2337 poterat,
2207 2294 2329 2327 tamen

255 2363 294 2398 in
320 2364 402 2400 foro
439 2366 578 2400 versari
617 2365 737 2400 desiit.
800 2365 901 2401 Haec
939 2365 1168 2401 voluntatum
1203 2364 1480 2412 studiorumque
1515 2364 1688 2400 distantia
1725 2364 1878 2400 multum
1910 2365 2071 2401 valuisse
2106 2377 2174 2412 par
2200 2368 2256 2402 est
2282 2365 2329 2401 ad

255 2437 437 2472 diversam
463 2438 562 2473 illam
589 2442 626 2473 et
652 2439 788 2473 liberae
816 2439 871 2474 rei
896 2439 1063 2486 publicae
1085 2441 1123 2474 et
1150 2438 1383 2485 eloquentiae
1417 2438 1549 2486 prioris
1576 2437 1879 2483 aestimationem,
1908 2449 2020 2485 quam
2047 2439 2193 2487 saepius
2220 2443 2329 2475 antea

256 2510 555 2557 significavimus.
609 2512 703 2547 Nam
731 2512 923 2548 Secundus
949 2515 989 2547 ut
1016 2524 1072 2559 ea,
1102 2523 1195 2559 quae
1230 2512 1353 2548 minus
1379 2515 1456 2547 tum
1483 2510 1672 2559 probanda
1698 2514 1814 2556 erant,
1842 2511 1943 2547 haud
1969 2512 2125 2558 ignorat,
2153 2513 2207 2548 ita
2231 2512 2329 2548 bona

253 2584 548 2630 praeponderare
576 2585 774 2632 existimat,
803 2596 957 2633 quorum
980 2589 1122 2633 partem
1148 2596 1223 2622 non
1250 2585 1435 2622 minimam
1458 2588 1621 2621 oratores
1647 2583 1801 2631 perinde
1828 2584 2020 2621 attulerint
2047 2588 2159 2632 atque
2186 2585 2223 2621 in
2250 2596 2326 2622 rem

255 2668 357 2693 suam
385 2659 643 2704 converterint,
671 2659 859 2695 Maternus
886 2659 977 2695 illud
1003 2663 1147 2707 tempus
1168 2659 1316 2695 minime
1338 2658 1532 2704 desiderat,
1561 2657 1624 2693 ubi
1649 2658 1795 2704 „omnia
1816 2658 1988 2706 populus,
2012 2658 2133 2695 omnia
2153 2658 2325 2706 imperiti,

255 2733 378 2767 omnia
408 2752 451 2757 —
485 2752 529 2757 —
559 2743 685 2769 omnes
712 2734 930 2780 poterant“;
958 2733 1033 2780 ille,
1060 2737 1102 2770 ut
1127 2733 1257 2781 paucis
1291 2744 1369 2770 rem
1397 2732 1592 2778 absolvam,
1620 2732 1857 2779 antiquorum
1884 2732 2131 2779 eloquentiam
2157 2732 2325 2768 libertate

254 2808 378 2840 natam
400 2805 613 2852 admiratur,
640 2806 701 2841 hic
731 2806 924 2852 „licentiae
951 2807 1157 2842 alunnam‘
1188 2807 1277 2843 odit.

442 2878 527 2915 Jam
553 2879 761 2917 Andreseni
801 2880 1028 2927 argumentis
1062 2880 1183 2917 auctis
1218 2883 1255 2917 et
1281 2879 1433 2916 fimetis
1469 2878 1593 2926 aliqua
1619 2878 1809 2915 verisimili
1835 2879 1978 2916 ratione
2004 2878 2206 2916 ostendisse
2233 2877 2323 2915 mihi

443 2992 474 3032 *)
499 2993 554 3024 Sic
585 3004 658 3025 cum
688 2995 743 3025 alii
775 2995 916 3025 editores
949 2999 1017 3025 tum
1050 2994 1184 3026 Carolus
1207 2995 1303 3025 Halm
1334 2998 1367 3025 et
1389 2994 1547 3024 Aemilius
1579 2994 1745 3024 Baehrens
1777 2996 1991 3034 scripserunt,
2024 2995 2078 3033 qui
2108 2994 2256 3025 lacunam
2290 2995 2323 3023 in

255 3055 324 3085 cap.
347 3045 389 3076 40
412 3056 483 3077 esse
507 3051 638 3087 negant.

422 3098 471 3138 **)
495 3100 526 3130 J.
548 3100 601 3129 Fr.
625 3099 822 3130 Gronovium
847 3104 881 3129 et
903 3100 1112 3140 Spengeliurn
1134 3105 1222 3130 recte
1247 3100 1435 3129 emendasse
1457 3099 1543 3129 hune
1567 3099 1674 3129 locum
1697 3105 1782 3138 puto.

2114 3160 2134 3192 3
