2904 3601
526 322 583 363 14

523 447 587 493 qui
634 449 764 481 contra
802 448 968 481 oratores
1006 456 1208 493 eorumque
1246 450 1363 483 artem
1401 445 1513 482 verba
1550 447 1659 492 facit;
1704 466 1745 472 --
1786 447 1916 497 itaque
1961 446 2193 485 manifestum
2232 449 2288 483 est
2325 447 2506 493 permulta
2542 451 2602 487 hic

522 519 707 556 excidisse
728 530 772 555 ac
798 518 994 555 Messallae
1021 520 1227 556 orationem
1255 520 1340 566 fine,
1366 520 1522 556 Materni
1550 519 1707 557 exordio
1734 519 1897 555 carere!

712 592 830 639 CuJus
867 593 1077 630 sententiae
1113 594 1356 641 patrocinium
1394 593 1533 640 primus
1565 594 1653 641 plus
1698 597 1847 630 centum
1883 594 1989 629 annis
2025 597 2110 641 post
2146 593 2192 630 U.
2229 593 2418 630 Beeksrus
2426 594 2461 638 *)
2499 595 2600 631 hand

523 665 695 712 ambigue
721 664 776 700 ita
801 665 977 713 suscepit,
1004 668 1048 702 ut
1076 677 1175 716 quae
1202 665 1286 702 inde
1313 676 1336 701 a
1363 676 1443 712 cap.
1467 668 1516 703 36
1539 665 1587 702 ad
1614 677 1695 713 cap.
1719 667 1769 703 40
1797 666 1877 702 init.
1904 665 2080 713 leguntur
2102 666 2284 712 Secundo,
2307 666 2454 716 reliqua
2481 678 2602 717 usque

522 738 570 774 ad
605 737 716 775 finem
754 749 835 786 cap.
875 740 922 775 41
963 738 1134 776 Materno
1161 738 1373 775 ascriberet.
1428 738 1619 776 Secundus
1657 738 1767 785 enim,
1805 738 1938 789 inquit,
1981 742 2041 786 ,et
2078 742 2203 776 orator
2233 740 2327 778 satis
2366 738 2538 776 laudatus
2565 742 2604 777 et

520 811 756 849 historiarum
792 813 936 859 auctor,
974 812 1099 861 potius
1125 811 1317 849 Messallae
1356 823 1562 850 sermonem
1598 813 1770 861 excipere
1808 812 1955 850 valebat
1991 823 2103 863 quam
2138 813 2336 860 Maternus,
2374 813 2441 864 qui
2474 812 2602 849 relicto

521 887 604 922 foro
627 886 872 936 judiciisque,
896 898 980 922 cnm
1000 890 1133 934 poetae
1160 889 1303 921 tantum
1329 886 1501 922 laudibus
1523 887 1672 923 floreret
1699 887 1861 937 ideoque
1889 890 2001 923 extra
2027 887 2299 923 contentionem
2328 888 2436 938 quasi
2461 887 2603 934 positus

520 962 630 1005 esset,
657 959 797 1007 optime
824 963 864 997 et
889 960 992 997 solus
1025 959 1073 996 ad
1099 962 1215 996 totam
1250 959 1352 996 litem
1380 960 1670 1008 componendam
1704 963 1813 1008 aptus
1840 962 1921 996 erat
1946 959 2030 996 illas
2056 960 2218 998 rationes
2243 960 2478 1008 proferendo,
2506 971 2603 1011 quae

520 1043 677 1080 magnae
698 1033 838 1069 veteris
860 1033 960 1069 illius
982 1032 1221 1083 eloquentiae
1240 1032 1413 1069 damnum
1434 1033 1542 1070 bonis
1564 1034 1646 1070 aliis
1669 1036 1947 1082 compensantes
1970 1033 2102 1070 sudatio
2126 1045 2208 1070 esse
2229 1033 2413 1081 possent.“
2468 1033 2604 1083 Neque

521 1108 646 1142 tamen
682 1108 768 1154 post
806 1117 888 1154 cap.
918 1108 967 1143 35
1004 1116 1127 1156 neque
1165 1105 1203 1141 in
1231 1117 1313 1154 cap.
1353 1109 1403 1144 40
1435 1106 1558 1143 multa
1594 1107 1780 1144 interiisse
1817 1107 2028 1153 arbitratur,
2065 1106 2131 1143 sed
2169 1117 2215 1143 ea
2251 1109 2393 1144 tantum
2425 1105 2495 1142 hoc
2521 1105 2603 1142 loco

521 1178 739 1225 desiderari,
777 1179 914 1230 quibus
941 1178 1133 1215 Messallae
1171 1180 1290 1215 oratio
1327 1190 1410 1215 cum
1444 1180 1603 1216 Secundi
1640 1181 1830 1231 hujusque
1865 1180 1978 1217 verba
2010 1191 2094 1216 oum
2119 1180 2277 1216 Materni
2311 1180 2469 1216 transitu
2498 1180 2603 1226 justo

524 1253 811 1300 conjungantur.

713 1326 807 1363 Tum
841 1326 1117 1378 quinquaginta.
1150 1325 1229 1363 fere
1265 1327 1371 1364 annis
1406 1327 1612 1375 interjectis
1641 1326 1847 1364 Andreseni
1884 1337 1997 1375 opera
2031 1326 2169 1364 factum
2198 1329 2273 1373 est,
2310 1329 2351 1363 ut
2372 1326 2530 1375 ,propius
2556 1325 2604 1362 ad

523 1400 719 1436 veritatem
739 1412 805 1436 res
833 1400 1089 1437 adduceretur.
1142 1401 1181 1436 Is
1207 1401 1365 1448 primum
1391 1402 1428 1437 in
1456 1401 1576 1438 diurn.
1605 1412 1728 1449 gymn.
1756 1401 1919 1438 Berolin.
1947 1412 1980 1436 a.
2013 1403 2125 1448 1871,
2153 1401 2285 1438 deinde
2312 1401 2350 1437 in
2381 1400 2604 1437 editionibus

523 1475 673 1522 Dialogi
697 1486 784 1522 pag.
815 1477 835 1511 '1
864 1476 1157 1511 commemoratis
1193 1476 1295 1525 quod
1321 1476 1510 1512 Beckerus
1545 1476 1680 1512 leviter
1716 1475 1941 1522 significavit
1974 1476 2182 1512 accuratius
2214 1478 2429 1522 persecutus
2463 1474 2605 1511 monuit

514 1559 590 1595 per
615 1550 733 1584 totum
770 1547 937 1585 libellum
974 1559 1053 1585 eam
1093 1559 1174 1585 esse
1201 1547 1359 1586 Materni
1396 1548 1637 1597 provinciam,
1676 1551 1718 1585 ut
1745 1560 1890 1586 omnem
1928 1547 2180 1599 eloquentiam
2217 1548 2256 1585 in
2282 1547 2389 1585 malis
2414 1547 2603 1585 hominum

522 1621 686 1659 moribus
710 1624 909 1674 tamqmm
943 1622 1181 1660 fundamento
1215 1622 1282 1659 niti
1317 1622 1544 1660 demonstret
1578 1635 1703 1674 neque
1730 1622 1845 1661 ullum
1883 1622 1918 1659 ei
1952 1622 2073 1660 locum
2109 1622 2148 1658 in
2176 1622 2326 1660 civitate
2353 1621 2530 1661 concedat
2557 1632 2604 1659 ex

522 1697 650 1743 optato
678 1695 892 1743 composita.
945 1696 1202 1748 Itaquequae
1224 1708 1330 1745 capp.
1360 1698 1408 1733 40
1432 1699 1470 1733 et
1492 1700 1539 1733 41
1570 1697 1829 1734 contineantur
1855 1707 1938 1732 oum
1965 1696 2018 1733 eis
2044 1696 2251 1742 sententiis,
2281 1707 2375 1747 quas
2401 1706 2425 1731 a
2445 1706 2525 1743 cap.
2558 1698 2600 1732 11

523 1769 572 1805 ad
598 1780 678 1818 cap.
712 1772 757 1806 13
780 1769 844 1806 ille
865 1770 1065 1818 aperuerit,
1088 1770 1182 1806 bene
1204 1781 1409 1818 congruere
1430 1772 1548 1818 putat,
1572 1771 1786 1822 discrepare
1808 1770 1855 1807 ab
1882 1770 2070 1821 eis,.quae
2092 1781 2207 1822 capp.
2231 1772 2384 1807 36-39
2406 1769 2602 1816 legantur:

524 1845 696 1894 tempora
722 1844 852 1879 ultima
885 1844 1023 1880 liberae
1049 1844 1104 1879 rei
1131 1845 1316 1894 publicae,
1345 1844 1415 1880 etsi
1442 1844 1691 1881 dissensiones
1718 1844 1845 1881 civiles
1873 1855 1970 1894 quae
1997 1844 2128 1881 evitari
2154 1855 2229 1880 non
2256 1844 2465 1893 potuissent
2491 1846 2605 1892 atque

523 1915 725 1953 seditiones
751 1916 1082 1963 tulissent,tamen
1109 1917 1270 1954 maxime
1297 1917 1432 1954 idonea
1447 1917 1573 1953 vi'uisse
1601 1916 1650 1954 ad
1676 1917 1926 1968 eloquentiam
1964 1917 2112 1965 dignam
2139 1916 2385 1954 admiratione
2412 1916 2605 1967 perficien-

524 1989 620 2027 dam.
676 1990 781 2032 Quae
819 1989 1070 2040 discrepantia
1106 1993 1147 2027 ut
1177 1991 1407 2028 manifestior
1438 1990 1515 2037 fiat,
1544 1989 1782 2028 Andresenus
1818 1989 2000 2038 significat
2026 1990 2080 2028 eis
2106 1990 2230 2027 verbis
2256 1990 2476 2036 Maternum,
2506 2000 2604 2040 quae

523 2063 562 2099 in
584 2063 657 2100 fine
676 2074 760 2114 cap.
781 2065 831 2100 40
854 2063 971 2100 dicat:
999 2063 1088 2110 ,sed
1105 2075 1173 2100 nec
1191 2064 1286 2100 tanti
1303 2064 1358 2101 rei
1381 2064 1554 2114 publicae
1574 2064 1825 2100 Gracchorum
1846 2064 2062 2114 eloquentia
2082 2063 2176 2099 fuit‘
2207 2066 2244 2100 et
2273 2074 2312 2114 q.
2331 2074 2360 2099 s.
2379 2062 2605 2113 respondere

524 2136 572 2171 ad
598 2147 656 2182 ea,
680 2148 778 2186 quae
800 2137 838 2172 in
860 2148 944 2188 cap.
969 2140 1016 2174 37
1039 2138 1232 2184 leguntur:
1266 2149 1362 2182 „non
1385 2137 1476 2186 quia
1496 2136 1591 2173 tanti
1613 2137 1726 2172 fuerit
1747 2137 1802 2173 rei
1831 2137 2002 2187 publicae
2030 2136 2146 2172 malos
2173 2136 2269 2173 ferre
2296 2136 2417 2172 cives“
2448 2138 2487 2171 et
2509 2147 2546 2185 q.
2575 2147 2605 2170 s.

523 2208 645 2257 Magis
671 2209 873 2261 perspicue
912 2209 1045 2247 deinde
1082 2210 1206 2246 verbis
1244 2210 1378 2261 capitis
1418 2213 1464 2247 41
1508 2209 1626 2260 ‚quid
1664 2209 1761 2245 enim
1803 2220 1899 2260 opus
1925 2213 1983 2246 est
2008 2209 2129 2257 longis
2166 2209 2205 2245 in
2231 2212 2361 2245 senatu
2388 2207 2601 2244 sententiis*

514 2283 729 2335 ‚perstringi
754 2295 940 2335 ea,.quae
966 2284 1005 2320 in
1041 2295 1127 2334 cap.
1156 2286 1205 2321 36
1233 2283 1408 2332 leguntur
1438 2294 1545 2330 „eum
1573 2293 1705 2333 parum
1733 2286 1829 2319 esset
1855 2284 1894 2319 in
1929 2287 2061 2320 senatu
2095 2283 2257 2319 breviter
2273 2281 2458 2319 ,censere‘
2489 2284 2605 2332 atque

524 2358 678 2395 eandem
705 2359 888 2397 rationem
913 2359 1140 2397 intercedere
1166 2359 1262 2396 inter
1288 2370 1335 2396 ea
1360 2370 1460 2409 quae
1488 2361 1695 2409 sequantur
1724 2358 1840 2409 ‚quid
1866 2357 1989 2395 multis
2009 2357 2114 2409 apud
2142 2356 2324 2409 populum
2347 2355 2601 2394 contionibus‘*

511 2436 564 2469 ·et
586 2443 670 2484 cap.
693 2434 860 2470 aab-ec
881 2433 1014 2470 verbat
1041 2433 1149 2480 „hinc
1172 2433 1363 2469 contiones
1382 2433 1665 2480 magistratuum
1688 2443 1807 2483 paene
1826 2432 2124 2483 pernoctantium
2146 2432 2185 2468 in
2202 2430 2370 2468 rostris‘.
2414 2430 2604 2468 Postremo

529 2506 753 2553 ,invidiosas
780 2509 817 2543 et
838 2506 1061 2544 excedentes
1081 2507 1230 2544 modum
1251 2506 1509 2543 defensione?
1535 2517 1619 2542 cum
1640 2506 1927 2556 reprehensione
1953 2505 2099 2556 opponi
2121 2504 2211 2541 dicit
2231 2507 2397 2542 veterum
2419 2506 2606 2541 oratorum

527 2580 673 2616 dicendi
707 2580 882 2627 libertati,
918 2592 1018 2632 quae
1051 2581 1090 2616 in
1125 2592 1211 2632 cap.
1247 2583 1296 2617 38
1324 2580 1509 2616 uberrima
1544 2579 1740 2615 verborum
1767 2579 2120 2630 copiapraedicata
2152 2579 2211 2615 sit.
2265 2579 2309 2614 In
2333 2577 2455 2614 medio
2482 2580 2606 2614 autem

525 2654 635 2690 homo
663 2654 727 2691 ille
753 2654 884 2691 doctus
911 2655 1075 2705 reliquit,
1104 2655 1249 2691 cuinam
1276 2665 1321 2690 ea
1348 2654 1554 2704 disputatio
1582 2653 1777 2689 tribuenda
1804 2656 1911 2699 esset,
1936 2665 2033 2703 quae
2061 2664 2175 2703 capp.
2206 2655 2253 2690 36
2271 2655 2359 2689 -39
2385 2652 2605 2688 continetur.

525 2727 620 2763 Nam
647 2727 869 2773 Messallam,
897 2728 1091 2779 inquit,⁸*)
1123 2731 1188 2774 „ut
1223 2730 1366 2764 ceteras
1401 2727 1631 2777 depravatae
1664 2726 1900 2776 eloquentiae
1936 2737 2077 2772 causas,
2104 2726 2159 2762 ita
2194 2725 2306 2762 etiam
2332 2724 2480 2762 tertiam
2506 2724 2605 2762 illam

527 2801 730 2852 protulisse
757 2800 933 2838 credibile
966 2804 1034 2848 est,
1062 2813 1288 2853 quamquam
1315 2800 1407 2837 nihil
1434 2803 1502 2847 est,
1531 2782 1601 2836 cur
1625 2799 1792 2836 Secundo
1821 2799 1948 2851 capita
1975 2799 2038 2835 illa
2056 2799 2226 2836 'tribuere
2250 2801 2428 2844 vetemur,
2457 2798 2604 2849 quippe

529 2874 665 2926 quibus
692 2874 816 2910 media
844 2873 1027 2925 quaedam
1058 2875 1156 2910 inter
1182 2875 1390 2910 Maternum
1425 2885 1468 2910 ac
1496 2872 1707 2909 Messallam
1743 2873 1925 2909 sententia
1961 2873 2173 2923 proferatur
2200 2875 2314 2921 atque
2343 2872 2390 2907 ob
2418 2871 2455 2906 id
2482 2871 2606 2921 ipsum

528 2948 687 2984 Secundi
723 2949 875 2995 ingenio
914 2949 1064 2995 digna“.
1117 2950 1173 2985 Ac
1200 2949 1329 2993 nescit,
1369 2959 1416 2983 an
1454 2947 1571 2983 verba
1610 2947 1752 2997 „ipsam
1791 2948 1882 2997 quin
1919 2947 2030 2983 immo
2070 2958 2195 2982 curam
2233 2949 2271 2981 et
2309 2946 2496 2992 diligentis
2531 2944 2606 2980 stili

717 3052 748 3092 *)
770 3054 845 3085 vid.
866 3052 1022 3084 Seebodii
1042 3053 1163 3083 Archiv
1186 3054 1237 3083 fiir
1258 3052 1376 3083 Philol.
1401 3062 1431 3082 u.
1454 3052 1596 3090 Paedag.
1619 3061 1648 3081 a.
1673 3050 1752 3082 1825
1775 3051 1817 3087 11,
1842 3050 1870 3081 1.
1894 3061 1968 3091 pgg.
1991 3049 2125 3081 72—74.

697 3105 749 3145 *Ἴ
771 3107 845 3138 vid.
868 3107 945 3137 edit.
968 3106 1002 3136 11
1023 3115 1075 3145 op.
1098 3106 1175 3136 Tac.
1199 3105 1298 3136 Orell.
1320 3115 1348 3135 a.
1374 3104 1454 3135 1877
1477 3115 1550 3145 pag.
1575 3103 1645 3135 137.
