3251 3640
238 2757 245 2910 dm-b
240 2706 244 2738 a...
239 2552 244 2694 -—.⁶-
240 2473 244 2522 vr„

235 2992 240 3034 Ι

234 3036 240 3114 3

236 3143 242 3251 ἐ

1780 414 1841 460 Ι.

968 498 1063 540 Quid
1089 498 1158 533 sibi
1184 499 1418 545 proposuerit
1444 498 1593 546 Dialogi
1628 503 1767 545 auctor,
1805 500 1881 535 sive
1908 500 2056 535 Tacitus
2091 499 2162 536 fuit
2198 500 2274 536 sive
2301 498 2406 546 alius,
2440 519 2483 525 -
2513 511 2598 536 nam
2625 510 2669 536 ea
2695 500 2838 536 contro-

782 572 903 609 versia
929 572 975 608 ad
1001 582 1077 607 rem
1104 571 1193 606 mihi
1219 571 1448 608 tractandam
1468 573 1587 608 minus
1613 572 1772 619 pertinet
1803 592 1846 597 ——
1876 572 1983 620 plane
2005 572 2151 609 videtur
2170 572 2254 609 inde
2275 584 2453 621 apparere
2476 572 2577 623 quod
2597 570 2705 609 initio
2725 572 2840 609 libelli

779 646 934 693 legimus
960 643 1181 691 respondere
1209 644 1424 692 scriptorem
1451 645 1544 681 velle
1566 645 1672 681 Justo
1700 645 1870 692 Fabio,*)
1898 645 1959 692 qui
1986 656 2096 693 saepe
2123 657 2170 682 ex
2192 657 2231 682 se
2257 645 2492 693 quaesiverit,
2515 656 2590 692 cur,
2613 656 2695 682 cum
2716 645 2840 693 priora

778 718 924 755 saecula
948 720 1004 754 tot
1031 717 1270 754 eminentium
1297 721 1483 754 oratorum
1509 717 1667 764 ingeniis
1694 718 1885 765 gloriaque
1907 719 2107 765 floruerint,
2135 718 2296 766 ipsorum
2319 719 2548 766 potissimum
2570 720 2672 755 aetas
2694 717 2838 754 deserta

776 796 812 829 et
839 791 948 828 laude
975 790 1206 838 eloquentiae
1234 791 1363 827 orbata
1388 791 1451 827 vix
1477 802 1608 826 nomen
1635 791 1754 837 ipsum
1782 792 1938 827 oratoris
1965 792 2129 827 retineat.
2183 792 2313 839 Neque
2340 803 2427 828 vero
2455 792 2600 828 initium
2628 791 2744 828 solum
2772 791 2836 826 sed

776 866 885 902 etiam
911 864 974 901 alii
999 864 1148 912 Dialogi
1174 864 1259 911 loci,
1288 864 1374 912 quid
1401 866 1520 900 mente
1547 863 1609 900 ille
1637 864 1833 911 agitaverit
1860 864 2120 902 demonstrant.
2173 865 2228 901 Ac
2255 866 2412 912 primum
2440 865 2586 913 quidem
2612 865 2650 901 in
2678 876 2756 913 cap.
2788 865 2834 901 15

774 939 946 987 leguntur
965 937 1077 974 haec:
1102 937 1212 974 velim
1233 938 1464 985 impetratum
1486 937 1532 973 ab
1551 936 1674 985 aliquo
1696 940 1871 984 vestrum,
1891 941 1931 974 ut
1950 950 2079 975 causas
2096 938 2207 986 hujus
2224 938 2387 975 infinitae
2407 938 2635 976 differentiae
2655 940 2837 974 scrutetur

774 1023 816 1048 ac
838 1011 990 1057 reddat3
1014 1010 1145 1047 deinde
1167 1011 1204 1046 in
1226 1022 1304 1058 cap.
1325 1013 1391 1061 24:
1417 1021 1591 1058 exprome
1610 1010 1715 1046 nobis
1736 1021 1810 1046 non
1832 1010 2080 1048 laudationem
2098 1012 2340 1059 antiquorum,
2365 1012 2429 1047 sed
2449 1023 2588 1058 causas,
2612 1023 2676 1047 cur
2697 1013 2836 1046 tantum

771 1086 817 1121 ab
844 1084 1054 1131 eloquentia
1075 1095 1201 1120 eorum
1222 1084 1500 1129 recesserimus;
1529 1086 1607 1119 tum
1634 1084 1672 1118 in
1700 1094 1778 1130 cap.
1803 1086 1871 1120 27:
1901 1095 2022 1131 neque
2050 1085 2146 1120 enim
2173 1085 2242 1121 hoc
2271 1085 2395 1131 colligi
2418 1085 2666 1121 desideramus
2693 1083 2835 1119 diserti-

772 1169 854 1194 ores
877 1169 959 1194 esse
981 1157 1163 1204 antiquos,
1184 1176 1231 1182 —
1256 1176 1298 1182 —
1323 1176 1367 1182 —
1389 1156 1453 1193 sed
1475 1167 1605 1193 causas
1628 1156 1871 1204 exquirimus;
1895 1160 1973 1193 tum
1995 1158 2033 1194 in
2055 1169 2133 1206 cap.
2160 1160 2227 1195 32:
2252 1169 2322 1205 ego
2343 1158 2438 1194 hanc
2460 1157 2613 1205 primam
2636 1159 2673 1195 et
2693 1156 2834 1204 praeci-

769 1242 879 1277 puam
902 1241 1049 1265 causam
1070 1230 1238 1275 arbitror,
1262 1241 1327 1265 cur
1352 1229 1390 1264 in
1411 1231 1552 1265 tantum
1575 1229 1620 1264 ab
1643 1229 1857 1279 eloquentia
1879 1230 2113 1276 antiquorum
2141 1233 2326 1266 oratorum
2352 1230 2624 1266 recesserimus.
2647 1250 2691 1255 —
2717 1248 2763 1255 —-
2788 1249 2832 1255 —

776 1303 869 1339 Sunt
894 1302 989 1338 aliae
1017 1313 1159 1348 causae,
1198 1313 1353 1349 magnae
1389 1304 1426 1338 et
1462 1313 1605 1349 graveS,
1645 1314 1736 1349 quas
1763 1313 1786 1338 a
1812 1302 1916 1338 vobis
1954 1303 2091 1350 aperiri
2116 1314 2273 1350 aequum
2301 1305 2375 1348 est;
2403 1302 2560 1350 denique
2587 1303 2626 1338 in
2653 1314 2731 1350 cap.
2762 1304 2832 1338 33:

770 1377 901 1424 quibus
939 1376 1078 1412 artibus
1115 1375 1245 1412 instrui
1283 1377 1427 1411 veteres
1464 1377 1630 1411 oratores
1667 1376 1768 1411 soliti
1806 1376 1877 1411 sint
1915 1375 2041 1411 dixisti
2079 1375 2395 1424 differentiamque
2433 1378 2581 1413 nostrae
2609 1375 2771 1412 desidiae
2799 1378 2836 1411 et

767 1450 980 1488 inscientiae
1034 1448 1210 1485 adversus
1254 1449 1432 1486 acerrima
1468 1451 1506 1485 et
1542 1449 1807 1486 fecundissima
1853 1461 1977 1486 eorum
2017 1450 2139 1486 studia
2176 1449 2453 1496 demonstrasti,
2491 1453 2613 1486 cetera
2660 1451 2835 1496 exspecto

768 1528 805 1561 et
832 1536 926 1572 quae
953 1526 1037 1560 sunt
1061 1522 1218 1570 reliqua.

911 1633 913 1635 .
953 1597 1033 1633 Hos
1065 1597 1167 1633 locos
1198 1597 1277 1643 jam
1303 1608 1326 1632 a
1347 1596 1514 1633 Steinero
1541 1596 1579 1632 in
1604 1607 1731 1644 progr.
1761 1596 1961 1633 Crucenac.
1989 1609 2022 1634 a.
2055 1599 2152 1635 1863
2187 1609 2296 1645 pagg.
2322 1600 2370 1635 2⁷
2399 1600 2436 1634 et
2464 1597 2577 1642 28**)
2606 1596 2777 1633 collectos
2804 1596 2836 1632 si

766 1671 954 1708 Gilbertus
984 1690 1028 1696 -·
1057 1672 1099 1706 ut
1125 1669 1281 1706 aliorum
1314 1680 1507 1716 perversas
1541 1670 1741 1706 sententias
1780 1670 1945 1707 omittam
1977 1690 2019 1697 —
2049 1670 2243 1717 diligenter
2277 1670 2594 1716 consideravisset,
2631 1669 2730 1706 haud
2757 1669 2834 1706 scio

764 1756 812 1781 an
837 1756 911 1781 non
937 1744 976 1780 in
997 1754 1079 1780 eam
1100 1743 1360 1791 cogitationem
1389 1742 1576 1779 incidisset
1602 1743 1831 1791 propositum
1858 1744 1974 1780 fuisse
1998 1744 2178 1792 scriptori,
2206 1747 2247 1780 ut
2270 1743 2521 1791 quaestionem
2547 1743 2666 1791 prima
2686 1742 2836 1789 Dialogi

763 1820 869 1865 parte
891 1836 935 1843 —
948 1817 994 1854 de
1014 1828 1087 1864 qua
1102 1828 1190 1853 mox
1207 1816 1411 1853 videbimus
1433 1837 1479 1843 -
1492 1818 1697 1863 tractatam,
1716 1820 1840 1853 utrum
1861 1817 2094 1865 eloquentiae
2119 1828 2165 1854 an
2182 1818 2305 1865 poesis
2323 1817 2483 1854 studium
2501 1816 2617 1864 pluris
2639 1816 2834 1853 aestiman-

766 1891 853 1927 dum
875 1893 984 1937 esset,
1011 1891 1059 1926 ad
1085 1891 1227 1926 exitum
1252 1890 1462 1926 adduceret.

955 1963 1064 2006 Quod
1098 1964 1129 2000 si
1163 1963 1216 2000 ito.
1252 1966 1361 2009 esset,
1388 1966 1425 1999 et
1451 1964 1489 1999 in
1524 1963 1704 2010 probandi
1738 1964 1883 2001 ratione
1910 1963 2079 2010 eligenda
2106 1967 2235 2001 auctor
2261 1964 2408 2011 Dialogi
2441 1964 2547 2000 valde
2575 1963 2771 2000 erravisset
2797 1965 2835 1999 et

764 2051 787 2075 a
811 2039 1001 2086 proposito
1026 2040 1102 2074 tam
1128 2037 1239 2084 longe
1265 2037 1534 2083 declinavisset,
1562 2040 1603 2073 ut
1629 2037 1693 2074 vix
1714 2040 1965 2075 reverteretur
1987 2040 2025 2074 et
2047 2038 2213 2075 omnibus
2243 2038 2333 2074 locis
2359 2037 2468 2074 modo
2490 2036 2613 2073 allatis
2633 2035 2671 2072 in
2692 2038 2834 2073 tantum

764 2122 927 2147 errorem
970 2110 1172 2157 legentium
1207 2112 1349 2146 mentes
1385 2109 1603 2156 induxisset,
1641 2113 1682 2145 ut
1718 2112 1805 2145 ante
1841 2110 2048 2146 Gilbertum
2085 2122 2191 2147 nemo
2231 2110 2359 2146 doctus
2400 2109 2570 2156 aenigma
2605 2109 2834 2156 propositum

763 2184 925 2221 solverit.
978 2184 1094 2220 Recte
1130 2184 1244 2231 igitur
1280 2183 1319 2219 id
1361 2185 1503 2219 tantum
1549 2183 1695 2219 videtur
1731 2183 1868 2220 vidisse
1916 2195 1994 2220 rem
2032 2184 2129 2220 illam
2177 2184 2281 2220 initio
2319 2183 2468 2230 Dialogi
2506 2183 2544 2218 in
2584 2182 2834 2229 quaestionem

760 2260 928 2294 vomam
954 2257 993 2292 in
1026 2256 1100 2294 fine
1133 2257 1181 2293 ad
1207 2256 1352 2293 exitum
1378 2256 1523 2303 adduci,
1552 2256 1682 2292 eodem
1716 2259 1883 2304 tempore
1919 2257 2056 2304 optime
2093 2257 2261 2305 expediri
2296 2266 2374 2293 rem
2400 2255 2601 2291 maximam
2628 2266 2702 2292 non
2727 2255 2831 2290 vidit.

761 2333 840 2367 Nos
864 2334 986 2367 autem
1016 2331 1108 2367 locis
1134 2330 1282 2377 Dialogi
1316 2331 1606 2367 commemoratis
1640 2314 1724 2367 nixi
1760 2342 1834 2366 non
1871 2331 2090 2376 dubitamus,
2130 2332 2217 2377 quin
2243 2341 2374 2367 revera
2400 2341 2529 2366 causas
2557 2334 2688 2366 auctor
2714 2329 2832 2376 expli-

762 2417 846 2442 care
872 2405 1042 2450 voluerit,
1080 2405 1213 2451 quibus
1249 2404 1387 2440 factum
1414 2407 1523 2451 esset,
1551 2407 1592 2440 ut
1620 2416 1714 2451 quae
1742 2405 1829 2440 olim
1863 2425 1905 2430 —
1934 2404 1959 2439 i.
1989 2416 2021 2440 e.
2047 2404 2164 2441 libera
2200 2416 2240 2441 re
2266 2404 2415 2452 publica
2447 2423 2491 2430 -
2522 2404 2594 2440 fuit
2621 2401 2833 2450 eloquentia

762 2490 829 2516 sua
854 2480 976 2515 aetate
1000 2477 1278 2514 imminueretur
1304 2479 1341 2514 et
1366 2488 1484 2525 paene
1512 2476 1841 2523 evanesceret.***)

949 2550 1108 2588 Gravem
1145 2561 1225 2588 eam
1270 2561 1351 2587 esse
1387 2550 1569 2588 scribendi
1605 2550 1798 2588 materiam
1836 2552 1875 2587 et
1917 2550 2125 2598 cognitione
2169 2550 2317 2598 dignam
2353 2562 2400 2588 ne
2439 2550 2644 2587 Gilbertum
2685 2548 2832 2596 quidem

760 2636 897 2674 negare
922 2635 1032 2674 posse
1058 2624 1226 2661 arbitror.
1279 2624 1478 2661 Videamus
1504 2635 1614 2671 nunc,
1652 2624 1739 2672 quid
1765 2624 1813 2661 ad
1841 2623 2086 2672 effingean
2115 2634 2195 2661 eam
2222 2625 2378 2673 scriptor
2404 2624 2585 2671 tribuerit,
2614 2625 2657 2660 ut
2685 2622 2831 2659 facilius

758 2702 898 2745 partem
925 2698 1049 2745 operis
1077 2698 1249 2733 amissam
1276 2709 1356 2734 esse
1382 2698 1661 2744 perspiciamus.

944 2772 1068 2818 Atque
1105 2771 1159 2807 ita
1194 2782 1272 2807 rem
1313 2771 1484 2817 instituit,
1523 2774 1563 2807 ut
1600 2771 1767 2818 legentes
1815 2770 1919 2817 quasi
1958 2770 2176 2807 interessent
2223 2770 2380 2808 sermoni
2419 2770 2465 2806 ab
2503 2769 2710 2806 hominibus
2750 2780 2832 2805 cum

946 2895 976 2934 *)
1002 2896 1050 2927 Cf.
1073 2896 1158 2927 Plin.
1185 2906 1257 2935 epp.
1280 2897 1296 2926 1
1321 2895 1351 2932 5,
1374 2897 1391 2927 1
1414 2895 1463 2931 11,
1486 2897 1550 2926 vn
1571 2895 1600 2926 2.

932 2946 980 2987 **)
1004 2948 1053 2979 ef.
1075 2949 1152 2979 Tac.
1176 2958 1227 2989 op.
1251 2949 1301 2980 ed.
1324 2948 1459 2988 Ruperti
1482 2949 1498 2979 1
1519 2958 1592 2989 pag.
1615 2948 1800 2980 LXXXIII.

900 2998 969 3040 1“’·“)
992 3000 1041 3031 Cf.
1063 3000 1146 3042 Aug.
1168 3000 1305 3032 Reuterz
1336 3000 1386 3031 De
1408 3000 1605 3039 Quintiliani
1636 3000 1730 3038 libro,
1761 3001 1817 3041 qui
1848 3000 1910 3031 fuit
1940 3000 1980 3031 de
2012 3001 2118 3031 causis
2150 3004 2320 3042 corruptae
2352 3001 2567 3043 eloquentiae.
2614 2997 2829 3032 Vratislaviae

754 3064 782 3084 a.
808 3052 898 3089 1887,
921 3064 994 3093 pag.
1017 3052 1066 3084 67.
