2850 3613
474 322 530 368 10

654 450 821 501 Apparet
846 450 961 499 igitur
991 451 1070 499 Jam
1104 451 1269 489 codicem
1296 451 1517 488 Fuldensem
1552 461 1625 488 nou
1664 451 1784 488 solum
1820 451 1857 488 in
1892 450 2014 489 media
2049 453 2155 500 parte
2191 450 2323 500 quinto
2347 451 2545 488 Annalium

472 524 566 560 libro
594 524 671 561 fere
697 526 776 560 toto
803 524 959 572 privata,
989 525 1054 560 sed
1082 524 1194 561 etiam
1220 525 1259 561 in
1285 525 1405 573 prima
1430 525 1543 561 ruisse
1568 524 1796 560 lacunosum.
1849 525 1982 573 Itaque
2016 535 2090 561 non
2126 524 2206 561 sine
2235 534 2348 561 causa
2374 523 2549 561 arbitrari

472 599 562 635 mihi
589 599 717 635 videor
743 598 853 634 etiam
886 602 1078 635 extremae
1106 599 1272 646 ejusdem
1299 600 1436 636 codicis
1462 600 1587 647 partis,
1616 599 1654 634 in
1683 610 1757 646 qua
1792 609 1875 634 cum
1906 598 2040 635 libellis
2074 610 2160 647 pag.
2192 602 2214 636 9
2255 598 2551 635 commemoratis

469 671 667 720 Dialogum
695 671 740 709 de
769 673 979 709 oratoribus
1006 673 1123 710 fuisse
1151 674 1387 721 conjecimus,
1416 673 1504 710 folia
1530 670 1706 710 nonnulla
1732 673 1887 721 periisse
1918 671 1999 719 „vel
2026 672 2186 710 murium
2214 669 2386 710 dentibus
2413 673 2551 710 abrosa

475 767 518 773 —
555 750 597 783 ut
631 746 828 794 Sauppii*)
869 747 992 783 verbis
1035 750 1120 784 utar
1155 767 1205 773 —
1241 747 1300 784 vel
1333 748 1487 784 flammis
1523 746 1653 784 adusta
1687 746 1746 784 vel
1779 746 1933 784 humore
1967 746 2179 794 putrefacta
2213 746 2273 784 vel
2308 746 2547 784 barbarorum

469 818 636 856 manibus
672 818 887 867 decerpta‘.
942 820 1066 857 Verba
1108 823 1231 858 autem
1267 820 1421 857 lacunae
1464 821 1503 857 in
1538 832 1617 869 cap.
1647 823 1694 858 35
1722 819 1873 868 Dialogi
1908 820 2101 857 circuitum
2136 819 2358 867 indicantia,
2396 832 2490 868 quae
2526 833 2547 857 e

472 892 639 940 margine
673 892 811 929 codicis
844 892 1118 930 Hersfeidensis
1153 894 1191 929 in
1227 893 1385 929 Pontani
1422 894 1628 942 exemplar,
1670 892 1756 930 inde
1788 893 1826 929 in
1867 893 2093 930 recentiores
2128 892 2274 928 codices
2311 894 2545 941 transierunt,

471 977 545 1012 quo
572 966 693 1002 minus
721 966 850 1003 eodem
871 967 980 1004 modo
1007 979 1051 1003 ac
1077 966 1191 1003 verba
1217 967 1254 1002 in
1282 967 1448 1014 margine
1480 968 1561 1004 cod.
1584 967 1754 1003 Vaticani
1783 968 1883 1004 3864
1915 965 2062 1014 epistol.
2091 966 2185 1002 Plin.
2214 964 2233 1002 1
2267 968 2313 1003 16
2345 966 2550 1003 recentiore

473 1044 583 1075 manu
610 1040 797 1088 adscripta
824 1040 870 1077 ad
904 1041 984 1077 cod.
1012 1039 1205 1077 Fuldensis
1240 1040 1409 1076 lacunam
1444 1041 1665 1087 referamus,
1702 1041 1793 1076 nihil
1828 1043 1883 1077 est
1920 1040 2018 1087 quod
2054 1039 2241 1088 impediat.
2306 1040 2431 1087 Atque
2466 1051 2548 1077 cum

472 1112 558 1149 huic
597 1113 799 1163 archetypo
834 1118 917 1162 post
949 1114 1049 1151 illam
1083 1112 1194 1150 Plinii
1237 1113 1431 1162 epistolam
1476 1112 1570 1151 duae
1616 1114 1764 1151 chartae
1800 1130 1849 1146 =
1886 1117 1908 1152 4
1943 1125 2055 1162 pagg.
2101 1113 2296 1161 defuerint,
2343 1113 2375 1150 si
2420 1114 2547 1151 eadem

471 1186 677 1235 scripturae
695 1187 969 1236 aequabilitate,
989 1198 1097 1236 quam
1116 1187 1153 1224 in
1176 1186 1365 1224 codicibus
1383 1187 1559 1224 Mediceis
1587 1186 1678 1236 plut.
1708 1188 1849 1225 XLVII
1881 1191 1927 1226 36
1949 1191 1986 1226 et
2007 1187 2098 1236 plut.
2117 1186 2279 1224 LXVIII
2302 1190 2319 1225 1
2345 1207 2389 1213 —
2411 1188 2435 1225 i.
2455 1199 2488 1225 e.
2511 1188 2549 1225 in

473 1259 600 1296 codice
629 1259 843 1297 Corbeiensi
874 1280 917 1286 —
948 1261 1128 1306 videmus,
1156 1271 1239 1296 eum
1269 1262 1331 1308 qui
1358 1260 1577 1298 Fuldensem
1606 1262 1754 1309 scripsit
1789 1272 1812 1297 a
1844 1262 1961 1309 primo
1996 1262 2043 1297 ad
2079 1264 2288 1297 extremum
2325 1269 2432 1297 usum
2467 1272 2547 1298 esse

475 1335 663 1381 sumimus,
691 1335 889 1382 profligata
914 1336 1007 1372 haec
1036 1336 1203 1382 quaestio
1233 1339 1270 1371 et
1297 1336 1344 1371 ad
1371 1336 1512 1372 exitum
1538 1335 1685 1372 tandem
1713 1336 1873 1372 adducta
1898 1336 2044 1372 videtur
2071 1347 2164 1372 esse.
2217 1335 2312 1371 Nam

663 1411 685 1445 2
714 1408 863 1445 chartae
892 1424 941 1440 =
971 1412 993 1446 4
1022 1421 1132 1457 pagg.
1162 1408 1242 1445 cod.
1270 1409 1460 1457 archetypi
1489 1424 1539 1441 =
1567 1410 1644 1446 fere
1674 1410 1740 1455 ψη
1769 1409 1848 1446 cod.
1875 1404 1973 1447 Med.
1999 1408 2083 1457 plut
2107 1408 2251 1445 XLVII
2278 1411 2340 1456 36,

664 1484 686 1519 3
787 1510 804 1529 n
890 1498 938 1514 =
969 1485 990 1520 6
1075 1511 1092 1529 n
1194 1511 1210 1529 n
1369 1511 1385 1530 n
1485 1498 1535 1514 =
1594 1510 1609 1526 n
1670 1483 1737 1529 ¹sss
1766 1481 1815 1531 4·
1846 1483 1930 1528 ¹sns
1960 1497 2010 1514 =
2037 1482 2125 1527 'siu
2155 1497 2205 1513 =
2237 1483 2314 1528 'su-

477 1554 627 1603 Dialogi
662 1558 784 1592 autem
820 1555 918 1604 quod
953 1556 1134 1605 reliquum
1169 1559 1225 1593 est
1252 1556 1298 1593 ad
1325 1557 1422 1593 hunc
1450 1557 1614 1594 codicem
1641 1556 1846 1594 Mediceum
1873 1558 1914 1592 ut
1945 1560 1962 1593 1
1993 1555 2041 1592 ad
2070 1559 2106 1594 6.
2160 1555 2261 1604 Ergo
2288 1567 2374 1604 pars
2401 1556 2549 1605 Dialogi

475 1628 612 1664 amissa
637 1644 688 1660 ==
716 1630 782 1675 'sn
813 1645 863 1660 =
893 1631 954 1676 ¹l7.

663 1702 734 1739 Sed
762 1706 802 1738 ut
830 1714 1094 1750 cognoscamus
1120 1715 1209 1739 num
1236 1704 1329 1740 haec
1356 1704 1449 1740 ratio
1478 1707 1638 1751 constet,
1666 1704 1776 1740 aliam
1803 1715 2011 1741 mensuram
2047 1714 2142 1750 quae
2176 1703 2329 1751 propior
2364 1706 2421 1739 est
2447 1703 2549 1740 adhi-

472 1776 634 1811 beamus.
689 1776 783 1811 Nam
810 1777 848 1812 in
875 1777 1038 1813 editione
1066 1788 1219 1824 operum
1246 1778 1367 1813 Taciti
1395 1781 1607 1824 stereotypa
1632 1778 1900 1823 Teubneriana,
1930 1789 2042 1827 quam
2070 1789 2100 1813 a.
2128 1778 2227 1814 1865
2258 1776 2413 1813 Carolus
2440 1776 2549 1813 Halm

475 1849 607 1885 iterum
635 1850 789 1895 curavit,
816 1849 1014 1898 Dialogum
1043 1850 1187 1887 circiter
1219 1852 1318 1887 1100
1347 1863 1476 1886 versus
1510 1850 1694 1887 efficiunt:
1741 1851 1847 1901 atqui
1884 1862 1953 1887 sex
1987 1850 2145 1897 paginae
2182 1848 2319 1886 codicis
2356 1847 2547 1898 archetypi

472 1922 640 1969 amissae,
678 1934 772 1974 quas
806 1935 827 1960 e
863 1923 942 1960 cod.
971 1923 1185 1960 Florentino
1222 1926 1259 1961 et
1295 1923 1375 1961 cod.
1404 1923 1607 1960 Dresdensi
1641 1923 1811 1971 supplere
1845 1935 2057 1972 possumus,
2093 1921 2240 1960 circiter
2279 1924 2351 1960 154
2380 1923 2547 1960 versibus

473 1995 639 2042 ejusdem
667 1994 839 2032 editionis
865 2002 974 2044 pare's
1001 1999 1097 2033 sunt.
1151 1995 1253 2044 Ergo
1290 1997 1447 2045 septima
1481 1997 1559 2034 fere
1594 2008 1681 2046 pars
1707 1996 1855 2046 Dialogi
1883 1995 2004 2044 deest,
2040 2007 2117 2049 qua
2150 1996 2189 2032 in
2224 1996 2438 2043 conjectura
2469 1997 2548 2044 Jam

474 2081 549 2106 non
575 2073 770 2118 possumus
801 2070 891 2123 quin
920 2070 1212 2122 acquiescamus.

1492 2185 1535 2225 3.

658 2262 774 2299 Paulo
802 2263 911 2311 plura
931 2262 1119 2299 excidisse
1139 2262 1290 2299 Gabriel
1309 2262 1460 2299 Brotier
1481 2262 1520 2298 in
1539 2262 1625 2298 Tac.
1654 2274 1806 2310 operum
1833 2262 1936 2309 edit„
1966 2273 2064 2313 quae
2083 2262 2282 2299 Manhemii
2309 2262 2416 2299 annis
2447 2265 2548 2300 1780

475 2338 513 2372 et
543 2338 639 2373 1781
669 2336 814 2384 prelum
841 2336 1006 2387 reliquit,
1034 2336 1207 2384 opinatus
1235 2339 1312 2382 est3
1342 2336 1409 2386 qui
1437 2347 1514 2387 qua
1540 2335 1683 2372 ratione
1710 2337 1748 2372 in
1776 2346 1856 2373 eam
1884 2336 2101 2374 sententiam
2129 2336 2284 2382 venerit,
2313 2347 2388 2373 non
2415 2336 2549 2384 reperi.

473 2409 532 2445 Ita
552 2412 676 2446 autem
698 2409 866 2446 lacunam
891 2420 989 2461 quae
1011 2410 1107 2446 inter
1129 2421 1242 2461 capp.
1264 2411 1312 2447 35
1338 2413 1376 2446 et
1400 2412 1448 2447 36
1472 2412 1530 2446 est
1552 2409 1729 2458 explevit,
1752 2413 1795 2448 ut
1815 2413 1963 2448 sextam
1985 2410 2063 2447 fere
2084 2412 2228 2458 partem
2244 2409 2365 2446 libelli
2386 2409 2549 2447 adderet.

472 2482 529 2520 Ac
554 2483 712 2531 primum
739 2482 889 2534 quidem
917 2484 1125 2520 Messallam
1153 2484 1205 2519 ita
1232 2484 1324 2520 facit
1352 2486 1608 2532 perorantem,
1642 2486 1685 2520 ut
1721 2487 1899 2535 queratur
1934 2483 2036 2535 quod
2071 2483 2260 2521 rhetorum
2296 2483 2467 2531 discipuli
2503 2483 2551 2520 ad

473 2567 599 2593 omues
637 2557 801 2593 scenicas
835 2561 934 2594 artes
968 2569 1008 2594 se
1042 2560 1209 2603 vertant,
1247 2557 1385 2607 quibus
1426 2556 1706 2595 admirationem
1749 2558 1807 2594 sui
1850 2567 1999 2595 movere
2043 2557 2170 2594 velint.
2241 2556 2461 2593 Histrionali
2506 2568 2551 2593 ea

472 2630 715 2677 institutione,
742 2631 807 2677 ait,
837 2631 937 2682 quod
964 2631 1205 2679 superfuisset
1233 2642 1342 2667 verae
1369 2630 1608 2681 eloquentiae
1635 2632 1848 2678 evanuisse,
1884 2643 1983 2682 quae
2009 2641 2084 2668 uon
2111 2631 2302 2668 venalibus
2328 2631 2549 2678 praeceptis,

470 2703 536 2741 sed
569 2703 683 2753 longa
715 2715 760 2742 ac
792 2716 923 2743 severa
957 2716 1039 2742 cum
1077 2704 1265 2752 cogitandi
1305 2707 1383 2740 tum
1426 2704 1609 2741 scribendi
1652 2716 1695 2742 ac
1732 2705 1878 2743 dicendi
1920 2704 2188 2742 exercitatione
2223 2704 2403 2741 formetur
2436 2706 2550 2756 atque

470 2777 693 2826 perficiatur.
748 2780 842 2816 Tum
878 2790 987 2816 aures
1020 2779 1129 2816 amici
1163 2779 1342 2827 praebent
1376 2778 1548 2815 Secundo
1584 2779 1751 2827 pluribus
1784 2779 1906 2816 verbis
1941 2779 2164 2828 explicanti,
2202 2790 2314 2830 quam
2348 2778 2550 2827 perniciem

471 2853 706 2903 eloquentiae
741 2854 905 2890 intulerit
939 2855 981 2890 L.
1012 2855 1188 2889 Annaeus
1224 2854 1388 2899 Seneca,
1434 2854 1500 2903 qui
1545 2854 1682 2889 saeculi
1725 2854 1782 2889 sui
1819 2854 2002 2890 voluntati
2038 2857 2076 2890 et
2107 2853 2251 2900 judicio
2288 2853 2548 2901 obtemperans

470 2923 616 2963 dicendi
642 2936 760 2974 genus
787 2926 996 2963 adhibuerit
1023 2925 1145 2973 facile,
1181 2925 1306 2973 breve,
1346 2925 1507 2963 sermoni
1534 2926 1719 2963 communi
1747 2926 1962 2979 proximum
1976 2954 1986 2974 ,
2021 2926 2145 2964 verbis
2173 2925 2439 2972 circumcisum,
2467 2934 2550 2961 sen-

470 2999 595 3035 tentiis
622 3000 811 3051 frequens.
868 3001 998 3037 Statim
1028 3000 1189 3036 Senecae
1216 2999 1387 3035 laudibus
1424 3000 1544 3036 iorum
1581 3001 1818 3051 personuisse
1853 3001 1967 3047 dicit,
2003 3011 2104 3052 quae
2138 3011 2211 3038 uon
2246 3000 2363 3038 solum
2399 2998 2551 3048 egregio

658 3102 688 3143 *)
712 3105 815 3146 Epist.
840 3106 911 3137 crit.
933 3105 985 3137 ad.
1010 3105 1232 3137 Godosredum
1256 3104 1480 3137 nex-mannum
1502 3114 1575 3146 pag.
1601 3103 1670 3135 135.
