2800 3671
2251 355 2303 396 13

420 482 471 519 At
507 482 625 519 forma
662 481 847 528 orationis,
887 482 918 517 si
955 481 1162 518 universam
1202 485 1358 529 spectas,
1396 481 1442 517 ab
1481 480 1629 528 ingenio
1659 482 1816 517 Secundi
1855 482 1934 518 miti
1961 484 2078 532 atque
2118 480 2305 531 placabili,

236 556 342 604 cujus
370 566 495 593 veram
521 555 718 603 imaginem
752 567 842 592 mox
877 554 1158 606 conspiciemus,
1194 555 1321 606 aliqua
1353 565 1406 591 ex
1442 556 1550 605 parte
1585 554 1707 590 aliena
1742 558 1807 591 est.
1862 555 1996 607 Neque
2023 555 2171 607 Aprum
2200 557 2304 606 puto,

235 640 310 680 quo
338 631 417 664 erat
443 630 554 664 animi
581 629 724 675 ardore,
753 629 914 664 Senecae
941 632 1078 664 vexato
1106 629 1278 675 defuisse,
1311 629 1418 675 cujus
1452 628 1633 678 imprimis
1660 629 1945 674 cogitationibus
1973 632 2010 664 et
2038 629 2231 664 sententiis
2259 629 2306 663 ad

231 703 451 739 laudandam
488 705 526 739 et
563 702 829 738 defendendam
867 703 923 737 sui
960 703 1141 752 temporis
1178 702 1428 752 eloquentiam
1468 701 1633 737 consulto
1670 705 1706 737 et
1743 702 1866 738 dedita
1899 714 2015 752 opera
2041 703 2189 739 videtur
2216 714 2305 738 usus

235 787 316 813 esse
342 779 384 812 ut
411 776 542 826 optimi
569 779 605 812 et
632 776 858 812 celeberrimi
885 776 982 811 illius
1008 776 1141 811 aetatis
1177 775 1429 819 defensoris.*)
1483 775 1637 810 Etiamsi
1664 786 1737 809 non
1765 775 1879 810 multa
1904 776 2017 811 verba
2043 776 2304 827 interpellatus

235 861 258 885 a
287 849 459 900 principe
482 850 659 885 sermonis
681 849 821 895 fecerit,
844 852 966 886 tamen
987 849 1088 885 haud
1110 849 1186 886 scio
1209 861 1253 884 an
1279 849 1440 895 Catonls,
1464 848 1626 894 Medeae,
1650 848 1820 895 Thyestis
1848 851 2035 885 auctorem
2061 850 2304 897 admonuerit,

235 926 413 973 quantum
448 923 532 974 ipse
566 923 613 959 ad
651 923 793 958 fabulas
827 923 909 958 illas
944 923 1218 973 componendas
1254 923 1416 959 Senecae
1451 926 1587 974 poetae
1614 922 1778 968 deberet,
1805 924 1921 972 atque
1956 923 2008 958 ita
2033 923 2239 970 legentibus
2267 925 2303 959 in

232 997 442 1032 memoriam
481 997 674 1032 reduxerit
708 997 911 1032 Maternum
943 1016 985 1021 —
1017 996 1054 1030 id
1092 996 1194 1045 quod
1237 997 1284 1031 ad
1322 997 1593 1046 perorationem
1632 997 1713 1042 ejus
1751 998 1851 1031 recte
1889 996 2165 1046 percipiendam
2203 998 2302 1033 haud

232 1069 313 1105 leve
340 1073 396 1105 est
435 1090 472 1095 —-
504 1081 633 1106 causas
661 1081 772 1116 agere
799 1070 963 1106 desiisse.

418 1144 504 1179 Alia
531 1146 658 1179 contra
680 1144 886 1180 Messallam
914 1154 1067 1194 quoque
1097 1142 1313 1194 disputandi
1335 1143 1489 1179 materia
1509 1143 1614 1193 Apro
1642 1154 1715 1179 non
1738 1143 1878 1179 deerat.
1932 1142 2064 1179 Merito
2094 1164 2141 1170 -—
2164 1147 2205 1179 ut
2231 1145 2300 1181 hoc

233 1227 346 1252 unum
382 1228 661 1253 commemorem
693 1237 737 1242 —
768 1227 947 1268 quaerere
992 1228 1043 1254 ex
1077 1217 1140 1253 illo
1176 1217 1299 1267 potuit
1332 1217 1421 1263 (vid.
1455 1216 1688 1252 Klossmanni
1723 1216 1896 1264 Prolegg.
1931 1217 1970 1252 in
2005 1217 2122 1253 Taciti
2155 1218 2300 1266 Dialog.

232 1290 382 1326 Vratisl.
410 1302 444 1327 a.
477 1293 573 1328 1833
603 1302 690 1342 pag.
721 1292 799 1339 21),
829 1302 1006 1342 perversa
1043 1291 1106 1326 illa
1133 1290 1301 1327 educatio
1330 1290 1530 1326 domestica
1556 1290 1642 1326 num
1669 1293 1807 1327 tantam
1834 1291 2027 1327 habuisset
2054 1291 2092 1326 in
2120 1295 2299 1328 oratorem

237 1365 399 1400 futurum
427 1356 512 1411 vim,
540 1368 582 1400 ut
610 1365 675 1415 qui
702 1376 798 1415 puer
830 1366 927 1402 inter
962 1366 1126 1416 parietes
1162 1376 1285 1401 coram
1313 1365 1427 1401 servis
1455 1364 1686 1414 impudenter
1721 1365 1826 1414 loqui
1861 1376 1935 1400 non
1962 1364 2160 1411 dubitaret,
2188 1367 2219 1401 is
2247 1368 2302 1401 vir

233 1438 353 1473 faetus
379 1439 417 1473 in
444 1439 526 1474 foro
555 1449 707 1488 quoque
742 1442 779 1474 et
806 1440 843 1474 iu
878 1439 980 1474 curia
1005 1440 1043 1474 in
1075 1439 1340 1489 impudentiam
1368 1420 1629 1483 effunderetur,
1666 1442 1779 1487 atque
1807 1438 1994 1488 quomodo
2022 1439 2237 1475 histrionale
2265 1444 2302 1475 et

234 1521 414 1561 equorum
446 1512 768 1562 gladiatorumque
807 1513 980 1558 studium,
1021 1512 1167 1562 quippe
1206 1512 1307 1562 quod
1344 1512 1460 1549 veteri
1499 1511 1641 1562 populo
1679 1511 1752 1561 ipsi
1786 1523 1860 1547 non
1894 1511 2124 1565 incognitum
2158 1512 2301 1559 suisset,

233 1596 352 1621 mores
379 1585 433 1620 ita
456 1596 693 1636 corrumpere
716 1588 854 1636 posset,
883 1588 924 1621 ut
950 1585 1072 1621 nullus
1101 1586 1248 1621 omnino
1270 1586 1433 1621 honestis
1464 1585 1604 1620 artibus
1633 1585 1735 1621 locus
1765 1585 2051 1635 relinqueretur.
2097 1572 2303 1623 Praeterea

233 1669 255 1693 a
282 1661 485 1694 ceterorum
510 1659 677 1709 quolibet
698 1659 904 1694 accuratius
933 1659 1115 1709 explicari
1141 1659 1264 1709 potuit
1291 1659 1450 1694 studium
1478 1661 1664 1694 oratorum
1687 1658 1910 1694 Graecorum
1936 1659 2146 1705 neglectum
2169 1659 2301 1695 damno

233 1732 468 1783 eloquentiae
501 1732 615 1769 fuisse
653 1734 767 1783 atque
803 1732 953 1769 eandem
990 1732 1065 1768 vim
1099 1733 1271 1769 habuisse
1307 1731 1421 1783 quod,
1459 1743 1541 1768 cum
1574 1732 1718 1783 antiqui
1753 1735 1790 1768 et
1827 1735 1992 1769 oratores
2029 1735 2066 1768 et
2098 1733 2298 1784 scriptores

233 1805 388 1842 fuissent
418 1818 540 1858 neque
566 1806 769 1843 mercedem
797 1808 1041 1858 accepissent,
1070 1807 1291 1843 recentiores
1317 1807 1408 1842 nihil
1435 1807 1513 1843 fere
1541 1809 1664 1843 essent
1690 1807 1759 1841 nisi
1785 1807 2040 1842 mercennarii.

420 1881 596 1917 Videmus
641 1881 754 1929 igitur
797 1883 939 1917 tantum
985 1882 1160 1917 materiae
1198 1881 1328 1917 adesse
1362 1881 1518 1918 lacunae
1553 1881 1770 1932 explendae,
1811 1884 1852 1916 ut
1888 1882 2091 1917 sententias
2131 1892 2213 1933 cap.
2254 1885 2298 1919 12

233 1955 482 2006 supplementi
508 1956 715 1991 Broteriani
742 1956 967 2006 propositas,
998 1955 1098 2006 quod
1119 1955 1265 2003 longius
1293 1957 1514 2006 productum
1537 1967 1618 1991 esse
1645 1967 1760 2005 supra
1781 1955 1950 2001 diximus,
1973 1956 2011 1991 in
2038 1956 2152 1992 alium
2178 1957 2298 1992 locum

233 2030 416 2080 possimus
445 2029 603 2066 differre.

1191 2156 1340 2201 III.

421 2252 503 2287 Jam
540 2252 740 2297 quaeritur,
780 2252 946 2299 quisnam
983 2252 1247 2298 disputantium
1285 2252 1330 2288 de
1366 2252 1623 2288 Demosthenis
1661 2253 1828 2299 exemplo
1865 2253 1993 2289 amicis
2021 2254 2220 2290 admonitis
2253 2275 2296 2281 -

230 2336 315 2361 nam
352 2325 598 2373 eloquentiam
626 2327 849 2363 Graecorum
888 2330 972 2375 post
1009 2327 1111 2363 illum
1146 2327 1336 2374 paullatim
1372 2326 1594 2363 deminutam
1628 2326 1665 2361 in
1700 2326 1771 2361 fine
1805 2326 2008 2373 particulae
2036 2338 2131 2374 quae
2159 2328 2301 2373 interiit

231 2399 458 2445 propositam
485 2400 598 2436 fuisse
626 2401 703 2437 fere
730 2412 797 2448 pro
834 2404 933 2437 certo
971 2402 1172 2448 putandum
1201 2403 1258 2437 est
1287 2420 1330 2425 —
1364 2412 1410 2436 ea
1437 2412 1530 2448 quae
1559 2412 1638 2447 cap.
1668 2403 1714 2436 36
1744 2402 1946 2446 sequuntur
1972 2399 2122 2436 dixerit.
2177 2402 2301 2448 Atque

231 2472 379 2518 plurimi
407 2473 588 2509 editorum
611 2474 759 2520 Dialogi
781 2477 819 2510 et
839 2475 1081 2521 interpretum
1104 2474 1236 2520 omnia,
1261 2485 1354 2520 quae
1376 2474 1462 2509 inde
1484 2485 1507 2509 a
1534 2485 1612 2520 cap.
1643 2476 1689 2509 36
1718 2485 1833 2519 usque
1860 2474 1908 2508 ad
1935 2473 2045 2509 finem
2073 2485 2155 2521 cap.
2184 2478 2231 2511 41
2262 2476 2300 2510 iu

234 2544 420 2581 codicibus
459 2546 651 2592 habentur,
689 2558 762 2583 uno
799 2550 925 2584 tenore
964 2559 987 2583 a
1023 2548 1190 2584 Materno
1230 2548 1329 2584 dicta
1364 2559 1445 2584 esse
1482 2547 1593 2584 etiam
1630 2558 1725 2582 nunc
1764 2550 1923 2592 censent,
1964 2558 2187 2595 quamquam
2221 2550 2301 2596 jam

231 2619 374 2667 pridem
390 2622 539 2656 rectam
565 2621 643 2657 veri
670 2621 919 2668 cognoscendi
945 2621 1136 2668 rationem,
1172 2624 1214 2658 ut
1240 2622 1345 2658 initio
1374 2621 1628 2670 disputationis
1656 2620 2030 2668 commemoravimus,
2059 2621 2300 2659 Heumanuus

232 2693 324 2729 iniit.
378 2694 414 2729 Is
452 2693 498 2729 ad
531 2694 645 2730 verba
683 2705 760 2742 cap.
800 2697 848 2731 40
881 2706 995 2742 „quas
1032 2696 1238 2731 oratoribus
1265 2696 1365 2731 faces
1395 2695 1646 2731 admovebant.
1700 2694 1782 2729 Non
1819 2693 1866 2730 de
1896 2695 2016 2730 otiosa
2043 2698 2081 2731 et
2109 2697 2235 2743 quieta
2262 2709 2301 2733 re

231 2767 437 2815 loquimur“
461 2768 553 2804 haec
575 2768 785 2804 annotavit:
818 2769 1087 2815 „Vehementer
1107 2770 1221 2822 miror
1243 2771 1423 2807 neminem
1433 2770 1488 2814 **)
1511 2769 1723 2804 observasse
1746 2768 1805 2804 hic
1827 2768 2017 2815 ingentem
2039 2781 2121 2805 esse
2148 2771 2300 2817 hiatum,

234 2852 313 2876 cum
350 2843 474 2877 tamen
508 2843 768 2889 praecedentia
802 2844 914 2879 verba
950 2844 1021 2879 sint
1048 2844 1240 2880 Messallae
1276 2856 1422 2880 causam
1449 2843 1678 2889 eloquentiae
1713 2844 1871 2889 agentis,
1899 2845 2107 2890 posteriora
2133 2846 2299 2891 Materni,

420 2986 451 3027 *)
474 2988 522 3020 Cf.
545 2989 694 3021 Kleiber:
718 2991 803 3028 Quid
825 2991 960 3021 Tacitus
982 2991 1017 3021 in
1038 2990 1177 3032 Dia-logo
1200 2990 1360 3030 prioribus
1383 2989 1592 3029 scriptoribus
1623 2989 1749 3021 debeat.
1794 2991 1889 3022 Halis
1913 2991 1987 3022 Sax.
2010 3001 2039 3022 a.
2063 2991 2144 3023 1883
2173 3003 2226 3033 pg.
2249 2992 2299 3023 79.

401 3040 451 3079 **)
474 3042 505 3072 J.
523 3043 629 3081 Lipsii
645 3042 745 3073 verba
756 3042 833 3081 (vid.
846 3044 922 3073 Tac.
941 3054 991 3082 op.
1005 3053 1043 3074 ex
1065 3045 1253 3073 recensione
1267 3043 1382 3073 Jacobi
1401 3043 1555 3073 Gronovii
1573 3042 1715 3083 Traiecti
1734 3044 1930 3074 Batavorum
1943 3054 1971 3074 a.
1992 3043 2069 3074 1721
2095 3046 2128 3075 11
2150 3055 2202 3085 pg.
2225 3045 2300 3083 558)

236 3103 275 3130 „a
295 3093 357 3123 fine
380 3097 488 3124 autem
519 3093 630 3130 libelli,
661 3098 697 3124 ut
726 3095 830 3125 cuivis
861 3096 969 3126 videre
997 3100 1056 3132 est,
1087 3095 1189 3126 multa
1218 3096 1335 3126 desunt
1363 3099 1460 3134 atque
1490 3095 1571 3125 adeo
1595 3096 1769 3134 praecipua
1791 3096 2031 3126 dissertationis
2054 3099 2146 3136 pars“
2171 3108 2238 3128 non
2259 3099 2300 3129 ad

233 3145 319 3175 hunc
341 3145 447 3176 locum
471 3146 640 3177 referenda
663 3150 747 3178 sunt.
