2850 3645
503 340 556 387 12

498 469 693 506 Messallae
730 470 940 504 mandatum
979 479 1060 504 esse
1100 469 1190 504 satis
1217 468 1348 515 habet3
1376 481 1499 520 neque
1528 467 1637 505 enim¹
1660 467 1739 505 fieri
1774 471 1908 514 potest,
1939 471 1979 504 ut
2014 479 2064 504 ex
2091 479 2216 504 errore
2245 467 2461 515 gravissimo
2488 475 2577 505 vera

499 544 662 590 cognitio
689 545 873 577 nascatur.

686 614 783 658 Quid
809 616 927 652 vero?
955 627 975 652 e
1003 613 1078 651 fine
1105 614 1267 663 Dialogi,
1302 615 1366 652 ubi
1394 615 1551 653 Secundi
1578 615 1715 652 mentio
1754 614 1794 650 fit
1832 614 1946 661 nulla,
1985 625 2106 651 nonne
2145 613 2234 650 satis
2272 616 2427 662 apparet
2464 614 2577 650 verba

498 701 581 727 eum
617 700 692 725 nou
729 688 889 725 fecisse?
942 688 1060 725 Immo
1099 688 1130 724 si
1167 700 1242 725 non
1280 689 1441 735 fecisset,
1480 690 1517 725 in
1556 688 1682 725 eadem
1721 699 1800 723 sum
1840 688 2025 724 sententia
2060 699 2143 724 cum
2171 688 2338 724 Steinero
2347 688 2382 733 ¹⁸)
2409 688 2573 723 futurum

497 763 622 809 fuisse,
650 764 692 798 ut
712 762 810 798 inter
830 754 998 798 homines
1020 762 1224 810 perpolitos
1246 761 1283 797 id
1306 766 1662 808 commemoraretur,
1687 762 1808 799 verbis
1830 761 1966 798 additis
1987 761 2060 798 alio
2082 764 2247 808 tempore
2269 761 2411 812 aliquid
2430 760 2477 797 ad
2498 772 2575 798 rem

494 836 721 884 propositam
743 835 1004 885 explicandam
1026 835 1235 872 Secundum
1257 836 1475 872 collaturum
1498 848 1600 882 esse3
1624 836 1680 872 sin
1703 839 1826 872 autem
1847 835 1994 872 locutus
2017 838 2109 882 erat,
2132 846 2255 885 neque
2277 835 2486 872 necessaria
2507 834 2576 870 fuit

495 911 607 957 hujus
633 910 689 946 rei
714 909 854 946 mentio
888 921 1013 960 neque
1049 909 1237 946 commode
1272 908 1351 945 fieri
1388 909 1522 957 potuit.
1577 910 1672 946 Nam
1698 910 1887 946 Maternus
1915 909 2057 957 Aprum
2085 909 2300 957 complexus
2327 920 2452 960 neque
2480 909 2576 945 dixit

498 983 603 1031 ,Ego
629 985 668 1020 te
694 984 732 1019 et
760 981 952 1020 Secundus
977 983 1098 1030 poetis
1125 981 1439 1027 criminabimur“,
1469 982 1557 1029 quia
1583 983 1621 1019 in
1648 983 1728 1030 ipso
1757 982 1836 1019 solo
1863 985 1995 1031 poetae
2022 982 2179 1029 iujurias
2206 985 2427 1030 acceperant
2454 986 2574 1029 nequ‘e

499 1056 692 1104 „Messalla
726 1058 765 1093 et
792 1055 982 1093 Secundus
1017 1055 1234 1102 antiquariis
1261 1058 1297 1091 te
1333 1055 1662 1102 criminabuntur“,
1691 1059 1888 1104 propterea
1915 1055 2014 1103 quod
2039 1056 2112 1102 hic,
2140 1056 2212 1091 nisi
2240 1056 2421 1103 duplicem
2448 1067 2575 1102 perso·

495 1142 580 1167 nam
605 1132 759 1179 putatur
785 1130 924 1176 tulisse,
953 1117 1071 1165 minus
1099 1128 1230 1165 acerbe
1258 1131 1295 1165 et
1321 1130 1486 1176 graviter
1515 1140 1627 1180 quam
1663 1129 1726 1166 ille
1752 1130 1856 1177 Apro
1884 1129 2119 1177 antiquorum
2147 1129 2396 1177 eloquentiam
2424 1129 2576 1165 vexanti

496 1204 706 1251 rostitit.*·)

686 1267 769 1305 Jam
797 1266 970 1304 memoria
991 1268 1201 1314 repetamus
1229 1266 1437 1303 Secundum
1472 1266 1510 1302 in
1544 1278 1624 1315 cap.
1654 1268 1676 1304 2
1705 1267 1801 1303 inter
1829 1267 2068 1304 celeberrima
2101 1267 2173 1303 fori
2200 1266 2350 1319 ingenia
2376 1266 2574 1313 numerari,

501 1354 615 1394 quem
643 1344 774 1379 auctor
799 1340 946 1388 Dialogi
980 1351 1055 1376 non
1090 1339 1199 1376 modo
1234 1340 1272 1375 in
1304 1340 1454 1387 judiciis
1490 1340 1654 1376 studiose
1689 1341 1884 1387 audiverit,
1920 1342 1985 1377 sed
2020 1341 2118 1377 domi
2154 1340 2264 1376 etiam
2298 1344 2334 1376 et
2362 1341 2399 1376 in
2426 1341 2575 1388 publico

498 1416 547 1452 sit
581 1415 802 1460 adsectatus,
830 1413 987 1450 eundem
1020 1414 1058 1448 in
1095 1424 1176 1461 cap.
1209 1416 1255 1450 14
1289 1413 1433 1449 laudari
1460 1425 1483 1448 a
1508 1413 1691 1459 Messalla,
1729 1414 1831 1464 quod
1858 1413 1949 1449 Julii
1976 1412 2231 1457 Africani*¹⁸*)
2270 1415 2427 1450 oratoris
2462 1415 2575 1449 vitam

497 1489 594 1526 bene
621 1488 879 1536 composuerit,
907 1487 952 1524 ab
980 1488 1084 1534 Apro
1112 1487 1149 1522 in
1177 1498 1256 1535 cap.
1283 1489 1330 1523 23
1360 1499 1434 1523 una
1457 1499 1538 1523 cum
1560 1487 1728 1523 Materno
1752 1487 1900 1523 summis
1923 1487 2095 1524 laudibus'
2118 1487 2253 1533 efferri,
2278 1488 2379 1538 quod
2401 1488 2574 1535 gravitati

497 1573 669 1599 sensuum
702 1561 860 1598 nitorem
888 1563 925 1597 et
958 1559 1095 1596 cultum
1122 1560 1319 1597 verborum
1354 1560 1541 1607 misceant,
1577 1561 1629 1596 sic
1657 1560 1870 1607 exprimant
1906 1560 2073 1607 affectus,
2102 1564 2155 1607 ut,
2184 1561 2327 1597 etiamsi
2362 1561 2574 1612 aequalium

493 1635 638 1683 judicia
673 1634 884 1682 malignitas
921 1632 1133 1679 tardaverit,
1171 1644 1299 1669 verum
1338 1633 1383 1669 de
1419 1633 1491 1669 illis
1529 1634 1662 1669 dicturi
1701 1634 1773 1669 sint
1811 1634 1962 1681 posteri.
2018 1634 2173 1670 Accedit
2212 1634 2313 1684 quod
2348 1634 2386 1670 in
2414 1645 2494 1681 cap.
2527 1637 2572 1671 16

495 1710 684 1747 Maternus
721 1711 759 1745 et
795 1720 835 1745 se
873 1710 910 1745 et
937 1707 1146 1745 Secundum
1184 1718 1247 1744 eas
1285 1707 1544 1756 disputationis
1581 1711 1703 1756 partes
1739 1707 1908 1755 promisit
1945 1710 2197 1754 exsecuturos,
2237 1719 2331 1759 quas
2366 1708 2573 1745 Messallam

495 1783 693 1835 reliquisse
720 1781 984 1819 intellexerint.
1033 1780 1232 1818 Francisco
1253 1780 1376 1818 Ritter
1385 1781 1424 1827 †)
1453 1781 1521 1818 etsi
1549 1781 1710 1818 concedo
1742 1781 2003 1828 „honorificam
2030 1781 2138 1818 amici
2166 1782 2570 1820 commemorationem“

496 1853 578 1896 eam
604 1869 686 1895 esse
712 1866 834 1905 posse,
865 1856 979 1904 ,nihil
1006 1855 1201 1904 amplius‘,
1229 1859 1352 1892 tamen
1375 1856 1537 1892 animum
1563 1856 1737 1893 inducere
1759 1867 1907 1907 nequeo
1934 1859 1976 1893 ut
1996 1859 2122 1904 putem
2143 1856 2362 1903 Maternum,
2389 1857 2573 1894 hominem

496 1931 716 1969 urbanitatis
741 1930 903 1979 plenum,
932 1941 955 1966 a
976 1929 1145 1966 Secundo
1173 1930 1264 1976 solo,
1297 1930 1560 1972 „celeberrimo
1583 1933 1661 1966 tum
1688 1930 1967 1978 foriingenio‘,
1990 1942 2064 1966 non
2086 1931 2273 1978 petivisse,
2302 1934 2343 1966 ut
2365 1932 2412 1967 ad
2439 1943 2572 1979 propo-

496 2006 606 2041 situm
624 2005 755 2041 melius
766 2004 1039 2052 expediendum
1051 2004 1195 2054 aliquid
1206 2004 1403 2049 conferret,
1416 2007 1531 2053 atque
1543 2005 1691 2051 Dialogi
1710 2007 1897 2041 auctorem
1915 2005 2132 2055 ceteroquin
2147 2006 2336 2041 Ciceronis
2358 2005 2403 2042 de
2418 2006 2573 2042 Oratore

495 2079 610 2116 libros
633 2079 836 2115 imitantem
858 2078 949 2114 duas
971 2080 1112 2114 tantum
1134 2089 1324 2124 personas,
1349 2089 1446 2128 quae
1470 2078 1515 2113 de
1539 2078 1660 2114 causis
1682 2078 1820 2114 fractae
1843 2078 2076 2129 eloquentiae
2099 2078 2342 2127 disputarent,
2365 2078 2571 2126 induxisse,

498 2165 579 2189 cum
608 2152 780 2189 facillime
808 2154 844 2188 et
872 2151 1020 2199 optime,
1049 2151 1080 2187 si
1103 2150 1310 2188 Secundum
1335 2162 1487 2202 quoque
1509 2151 1725 2199 participem
1748 2150 2006 2199 disputationis
2028 2152 2178 2199 faceret,
2201 2152 2346 2189 variare
2369 2143 2573 2188 orationem

496 2229 533 2262 et
560 2226 788 2273 distinguere
823 2228 948 2273 posset
985 2225 1161 2274 idemque
1199 2225 1419 2260 sententiam
1459 2235 1587 2261 eorum
1626 2225 1798 2271 refutare,
1839 2226 1904 2276 qui
1941 2237 2074 2272 purum
2109 2230 2146 2262 et
2173 2238 2340 2273 pressum
2368 2238 2572 2263 sermonem

497 2300 664 2337 Secundo
692 2299 853 2336 defuisse
880 2299 1138 2347 opinabantur.
1194 2298 1267 2343 (cf.
1296 2309 1376 2345 cap.
1406 2298 1457 2343 2.)

683 2372 787 2409 Haec
826 2372 1002 2423 quoniam
1036 2371 1239 2418 statuimus,
1277 2371 1476 2408 videndum
1515 2375 1582 2417 est,
1622 2373 1943 2409 accommodatane
1989 2373 2062 2409 sint
2101 2375 2138 2409 et
2176 2373 2311 2410 rationi
2348 2373 2496 2421 Dialogi
2535 2380 2572 2411 et

497 2445 655 2483 Secundi
682 2456 862 2493 personae
890 2457 987 2496 quae
1016 2445 1207 2481 Broterius
1235 2456 1319 2481 eum
1345 2445 1434 2481 facit
1460 2445 1719 2493 disputantem.

675 2520 812 2569 'Atque
848 2530 931 2555 cum
964 2530 1039 2555 non
1075 2519 1193 2555 solum
1221 2529 1244 2553 a
1271 2518 1461 2565 scriptore,
1490 2518 1555 2554 sed
1583 2518 1693 2554 etiam
1728 2518 1773 2554 ab
1802 2520 1866 2565 eis,
1899 2531 1992 2570 quos
2021 2520 2251 2568 disputantes
2278 2520 2439 2567 induxit,
2467 2522 2571 2569 Apro

495 2596 653 2641 excepto
674 2573 954 2629 ciceronianum
974 2593 1119 2629 dicendi
1138 2604 1255 2640 genus
1278 2593 1455 2641 optimum
1472 2591 1601 2629 haberi
1623 2591 1824 2639 videamus,
1843 2604 1917 2630 non
1940 2596 2091 2641 gravate
2114 2594 2277 2631 adducor
2299 2597 2340 2631 ut
2363 2595 2572 2632 existimem

494 2667 745 2715 vituperatum
773 2678 852 2703 esse
880 2667 1007 2718 aliquo
1034 2667 1117 2703 loco
1145 2678 1241 2713 eum,
1270 2667 1336 2718 qui
1365 2666 1410 2703 de
1437 2665 1620 2702 industria
1647 2676 1670 2701 a
1698 2665 1874 2703 Cicerone
1911 2668 2072 2705 maxime
2108 2667 2306 2704 deflectens
2335 2669 2571 2719 eloquentiae

494 2740 691 2789 plurimum
718 2740 841 2777 damni
867 2741 1034 2778 intulisse
1061 2741 1162 2778 visus
1189 2744 1256 2787 est,
1294 2741 1376 2778 dico
1404 2740 1446 2777 L.
1476 2744 1667 2777 Annaeum
1696 2740 1883 2777 Senecam.
1940 2741 2047 2784 Quod
2075 2742 2106 2778 si
2132 2742 2322 2790 probabile
2350 2746 2418 2790 est,
2446 2754 2570 2794 neque

493 2815 624 2852 melior
649 2814 754 2852 locus
780 2814 986 2862 reperietur
1012 2814 1058 2851 ad
1086 2815 1256 2851 damnum
1284 2815 1375 2851 illud
1403 2814 1664 2863 explicandum
1691 2825 1815 2865 neque
1850 2826 2009 2863 persona
2035 2817 2152 2863 magis
2179 2816 2311 2852 idonea
2340 2829 2452 2868 quam
2480 2818 2571 2853 Julii

498 2888 656 2925 Secundi
683 2888 721 2924 in
749 2888 926 2936 gradibus
953 2891 990 2925 et
1017 2889 1199 2925 aetatibus
1228 2888 1464 2939 eloquentiae
1491 2891 1532 2924 ut
1559 2887 1717 2924 vidimus
1744 2889 1838 2925 bene
1865 2891 2010 2926 versati.

681 2969 699 2989 ‘¹
736 2972 774 3003 L.
798 2983 826 3003 c.
915 2995 922 3002 .
945 2970 996 3002 35.

661 2971 713 3061 ”3
735 3024 784 3055 Cf.
807 2981 939 3055 Stgiziger
959 3024 981 3054 1.
1004 3033 1031 3054 c.
1054 3034 1128 3064 pgg.
1151 3024 1193 3054 35
1215 3028 1250 3055 et
1270 3024 1321 3060 36,
1344 3025 1456 3055 Peteri
1478 3025 1556 3055 edit.
1579 3024 1666 3056 Dial.
1687 3035 1761 3065 pgg.
1786 3024 1847 3055 142
1868 3030 1902 3056 et
1925 3025 1995 3057 143.

640 3074 710 3114 ***)
733 3077 806 3108 vid.
828 3077 1019 3117 Nipperdeii
1041 3087 1153 3117 opusc.
1176 3077 1321 3108 Berolini
1344 3087 1372 3108 a.
1398 3076 1479 3108 1877
1501 3087 1574 3118 pag.
1596 3076 1668 3108 285.

681 3128 715 3168 †)
739 3130 819 3161 Vide
842 3133 988 3160 annotat.
1012 3130 1051 3160 ad
1076 3130 1160 3160 Dial.
1185 3139 1253 3169 cap.
1277 3128 1317 3159 35
1340 3131 1372 3160 in
1396 3130 1472 3161 edit.
1497 3129 1682 3170 Cantabrig.
1707 3140 1735 3159 n.
1759 3129 1849 3161 1848.
