2933 3686
2295 334 2349 375 19

466 467 509 502 In
547 475 626 512 cap.
657 466 705 500 40
743 467 865 499 autem
899 464 1058 511 Dialogi,
1100 463 1272 511 quoniam
1310 463 1348 498 in
1386 462 1497 499 talem
1535 463 1778 509 suspicionem
1816 474 1942 498 eorum
1982 462 2045 509 qui
2084 460 2181 496 hunc
2218 460 2352 495 librum

282 541 554 590 descripserunt
579 549 687 575 nemo
714 538 838 574 vocari
865 540 997 585 potest,
1025 549 1099 573 non
1126 537 1278 574 consilio
1313 536 1378 573 sed
1406 548 1494 572 casu
1524 536 1679 571 lacunae
1707 536 1899 583 vestigium
1927 536 1980 571 ita
2007 535 2243 571 obscuratum
2271 545 2352 570 esse

282 616 500 663 colligimus,
528 615 569 648 ut
594 612 703 659 pauci
729 622 853 647 veram
878 611 1086 647 Heumanni
1112 610 1329 647 sententiam
1355 610 1475 646 adhuc
1497 609 1614 646 secuti
1640 609 1725 644 sint.

469 686 598 723 Restat
624 688 665 721 ut
692 683 809 721 altera
835 684 984 732 Dialogi
1010 683 1143 721 lacuna
1171 683 1259 731 quid
1286 682 1469 720 exciderit
1496 681 1752 721 deliberemus.

470 759 552 801 Qua
588 759 625 794 in
664 769 703 794 re
741 758 830 794 satis
868 760 925 794 est
963 757 1165 794 ostendisse
1203 760 1240 793 et
1273 756 1487 805 disputandi
1519 756 1708 792 materiam
1736 767 1758 792 a
1790 759 1927 791 mutata
1954 757 2007 792 rei
2035 756 2204 804 publicae
2233 756 2354 792 forma

283 833 475 882 repetitam
513 843 592 868 esse
619 832 798 879 reliquam
836 835 872 867 et
910 832 1092 867 rationum
1131 830 1368 878 dispertiendi
1405 831 1600 877 variarum,
1641 840 1736 877 quae
1774 829 1914 865 admitti
1951 833 2115 877 possunt,
2163 841 2272 865 unam
2312 830 2348 864 in

287 907 447 942 medium
472 907 681 952 protulisse.

471 973 571 1009 Fieri
597 984 684 1009 vero
712 973 876 1021 potuisse
913 974 1054 1020 opinor,
1090 975 1131 1008 ut
1166 972 1390 1008 audientium
1426 972 1634 1007 voluntates
1676 975 1713 1007 et
1756 971 1877 1007 studia
1909 971 2049 1007 liberae
2094 972 2147 1007 rei
2182 972 2352 1020 publicae

282 1048 507 1095 temporibus
544 1049 686 1094 majora
722 1047 888 1095 pluribus
925 1048 1047 1083 verbis
1074 1047 1264 1083 Secundus
1303 1047 1519 1094 depingeret
1554 1050 1591 1083 et
1623 1059 1697 1082 uno
1736 1046 1795 1082 vel
1832 1046 1948 1081 altero
1993 1048 2164 1094 exemplo
2201 1048 2350 1084 uberius

284 1120 502 1169 explicaret,
542 1120 724 1168 quomodo
761 1120 896 1167 prioris
933 1120 1108 1168 temporis
1146 1123 1311 1156 oratores
1348 1122 1390 1155 ut
1417 1119 1576 1156 Gracchi
1613 1120 1671 1155 vel
1701 1119 1830 1156 Cicero
1868 1119 1915 1154 ad
1953 1131 2011 1155 res
2050 1121 2284 1166 gravissimas
2312 1121 2351 1156 in

284 1205 424 1229 summo
462 1194 670 1230 discrimine
696 1196 918 1229 momentum
955 1193 1142 1230 afferrent.
1197 1193 1286 1228 Tale
1321 1192 1460 1239 aliquid
1497 1193 1739 1240 supplendum
1777 1193 1923 1228 videtur
1950 1204 2041 1238 esse,
2071 1196 2111 1227 ut
2138 1194 2349 1237 habeamus,

285 1279 357 1313 quo
385 1267 514 1303 ultima
550 1279 629 1314 cap.
659 1270 708 1304 40
734 1268 849 1303 verba
886 1269 974 1312 „sed
1010 1279 1079 1303 nec
1115 1267 1209 1303 tanti
1246 1267 1300 1302 rei
1335 1267 1504 1313 publicae
1534 1267 1783 1302 Gracchorum
1821 1266 2032 1312 eloquentia
2070 1267 2162 1301 fuit“
2193 1271 2230 1302 et
2258 1280 2289 1313 q.
2321 1281 2350 1302 s.

284 1340 450 1376 revocari
476 1340 628 1388 possint.
682 1339 877 1388 Utcunque
904 1352 963 1376 res
991 1351 1031 1377 se
1063 1339 1185 1387 habet,
1220 1339 1438 1377 auctoritate
1475 1342 1660 1376 oratorum
1687 1340 1921 1387 antiquorum
1948 1338 2187 1376 describenda
2214 1341 2350 1388 optime

284 1413 459 1449 illustrari
476 1414 596 1461 potuit
611 1414 775 1450 laudatio
794 1414 1060 1450 causidicorum
1079 1416 1117 1449 et
1133 1416 1370 1460 patronorum
1397 1413 1602 1460 praesentis
1628 1413 1759 1448 aetatis
1778 1424 1884 1460 capp.
1906 1415 2007 1449 5-8
2027 1413 2074 1448 ab
2092 1413 2197 1464 Apro
2216 1414 2352 1449 habita.

472 1488 544 1523 Sed
579 1489 750 1535 quoniam
784 1489 822 1523 in
849 1488 1007 1535 Dialogo
1042 1499 1115 1523 non
1151 1487 1246 1523 idem
1273 1499 1417 1534 semper
1442 1488 1551 1522 homo
1587 1498 1706 1533 neque
1740 1487 1878 1521 diutius
1906 1498 2016 1533 quam
2045 1487 2151 1522 decet
2177 1488 2351 1534 loquitur,

285 1560 349 1596 sed
376 1561 414 1595 in
441 1561 558 1597 vicem
595 1562 732 1597 amicos
768 1562 822 1597 ita
859 1562 1087 1609 disputantes
1124 1565 1253 1597 auctor
1290 1562 1389 1606 fecit,
1429 1564 1471 1596 ut
1505 1561 1541 1596 id
1579 1561 1830 1607 unusquisque
1869 1561 2027 1607 diceret,
2075 1561 2172 1608 quod
2221 1562 2353 1608 cuique

284 1634 446 1670 maxime
474 1635 669 1671 convenire
696 1635 893 1681 videretur,
921 1635 1113 1672 Messallae
1147 1638 1330 1682 postremo
1367 1646 1475 1671 aures
1507 1635 1721 1682 praebuisse
1749 1638 1890 1670 ceteros
1918 1634 2092 1671 existimo
2120 1636 2354 1682 antiquorum

287 1710 473 1744 oratorum
509 1708 750 1756 patrocinium
790 1709 869 1746 sine
907 1708 983 1746 ulla
1018 1709 1224 1757 praesentis
1261 1709 1392 1746 aetatis
1428 1708 1537 1746 laude
1575 1708 1727 1757 perinde
1765 1712 1875 1756 atque
1914 1720 2020 1756 capp.
2059 1710 2212 1746 28—35
2241 1709 2354 1746 susci·

284 1782 401 1829 pienti
426 1793 617 1829 novasque
644 1782 852 1818 deminutae
879 1785 917 1819 et
943 1783 1082 1819 fractae
1109 1783 1340 1830 eloquentiae
1367 1794 1496 1818 causas
1522 1783 1734 1830 proferenti.

473 1856 671 1893 Videamus
710 1857 842 1903 statim,
880 1868 927 1892 ne
964 1857 1145 1905 patientia
1180 1856 1382 1904 legentium
1420 1856 1518 1892 ultra
1553 1859 1725 1902 tentetur,
1767 1868 1944 1904 quaenam
1982 1857 2130 1893 illorum
2168 1861 2352 1894 oratorum

288 1927 434 1965 dicendi
470 1930 626 1966 materia
663 1933 726 1966 aut
765 1929 911 1967 omnino
951 1931 1142 1967 evanuerit
1179 1941 1319 1967 summa
1357 1932 1393 1966 et
1429 1933 1608 1978 perpetua
1643 1933 1824 1978 potestate
1860 1930 1907 1966 ad
1934 1943 2048 1967 unum
2076 1932 2262 1977 translata,
2291 1936 2355 1968 aut

287 2002 379 2038 adeo
418 2003 466 2038 sit
503 2003 717 2040 circumcisa
754 2006 792 2040 et
827 2004 1029 2050 imminuta,
1064 2007 1105 2040 ut
1139 2004 1395 2040 tractationem
1423 2004 1641 2041 deteriorem
1668 2004 1746 2039 fieri
1773 2016 1924 2040 necesse
1952 2008 2061 2040 esset.
2116 2006 2170 2041 Ac
2197 2006 2353 2052 primum

289 2076 435 2122 quidem
463 2088 483 2112 e
510 2088 646 2123 genere
683 2077 926 2114 deliberativo
952 2078 1174 2113 mentionem
1210 2066 1306 2113 facio
1334 2054 1680 2114 materiae-dicendi
1706 2079 1866 2124 antiquis
1893 2082 2044 2125 paratae
2073 2079 2117 2114 de
2145 2080 2353 2115 foederibus

288 2151 326 2184 et
352 2149 621 2197 sponsionibus,
658 2150 702 2187 de
738 2151 915 2187 reditibus
951 2154 988 2187 et
1020 2151 1273 2198 vectigalibus,
1309 2151 1353 2187 de
1380 2162 1472 2198 pace
1499 2155 1535 2188 et
1561 2151 1667 2188 bello.
1721 2151 1864 2187 Deinde
1892 2155 1932 2187 ut
1960 2152 2120 2187 conditio
2148 2153 2354 2199 praesentis

287 2222 420 2258 aetatis
448 2223 657 2259 oratoribus
684 2224 875 2270 angustior
902 2228 939 2259 et
965 2224 1126 2271 iniquior
1160 2224 1440 2271 significaretur,
1468 2236 1488 2261 e
1517 2237 1650 2272 genere
1673 2224 1840 2271 judiciali
1868 2236 2000 2261 causae
2028 2225 2125 2272 apud
2153 2226 2354 2272 principem

288 2298 393 2331 actae
421 2296 644 2332 considerari
671 2300 852 2344 poterant,
881 2297 1014 2344 quibus
1042 2308 1216 2332 summam
1245 2298 1315 2332 sibi
1343 2298 1546 2345 comparari
1580 2298 1833 2333 auctoritatem
1860 2298 1961 2345 Aper
1994 2298 2030 2333 in
2059 2310 2138 2346 cap.
2170 2301 2189 2335 7
2219 2299 2354 2345 glorio-

288 2368 364 2404 sius
401 2368 559 2405 dixerat.
614 2371 705 2406 Tum
742 2371 923 2418 integrum
951 2371 1143 2407 Messallae
1180 2374 1271 2417 erat,
1311 2374 1353 2407 ut
1391 2372 1600 2407 ostenderet
1634 2383 1748 2417 genus
1776 2371 2099 2407 demonstrativum
2126 2373 2288 2409 maxime
2316 2373 2354 2407 in

287 2442 458 2488 putidum
487 2443 672 2494 quoddam
699 2447 736 2481 et
767 2444 960 2481 molestum
981 2444 1175 2481 artificium
1202 2444 1391 2493 delapsum
1413 2457 1505 2492 esse,
1536 2457 1609 2496 quo
1636 2445 1672 2481 in
1699 2456 1833 2492 genere
1854 2445 1945 2480 nihil
1967 2445 2043 2481 fere
2066 2457 2146 2482 esse
2168 2446 2355 2497 reliquum

288 2515 359 2550 nisi
385 2517 586 2563 gratiarum
612 2517 776 2554 actiones
810 2521 847 2554 et
872 2518 1104 2555 laudationes
1130 2518 1187 2555 vel
1214 2519 1391 2555 natalium
1418 2519 1477 2555 vel
1503 2519 1709 2567 nuptiarum
1736 2518 1794 2554 vel
1820 2519 1926 2565 regni
1953 2519 2138 2555 initiorum
2165 2520 2354 2568 principis.

290 2588 394 2629 Quae
432 2591 555 2643 omnia
593 2592 683 2641 quin
710 2592 762 2626 ita
798 2595 957 2627 tractare
984 2593 1146 2638 potuerit
1172 2592 1320 2639 Dialogi
1348 2595 1477 2627 auctor
1503 2593 1622 2628 verbis
1649 2592 1956 2639 expeditissimus,
1985 2595 2026 2626 ut
2056 2603 2214 2639 „pravae
2242 2593 2356 2629 inter-

288 2662 487 2706 pretationi
513 2664 723 2699 materiam“
753 2676 828 2700 non
855 2666 958 2700 daret
984 2677 1107 2715 neque
1138 2666 1362 2712 „potentium
1386 2666 1526 2700 animos
1553 2665 1788 2710 offenderet“‚
1817 2677 1891 2700 non
1918 2669 1974 2700 est
2002 2666 2103 2716 quod
2132 2666 2353 2701 dubitemus.

475 2736 648 2787 Denique
666 2738 873 2773 Maternum
894 2739 1174 2784 interrogatum,
1194 2738 1430 2774 melioremne
1449 2742 1571 2785 speret
1593 2738 1834 2773 conditionem
1857 2738 2105 2787 eloquentiae,
2131 2740 2356 2785 cogitatione

290 2805 391 2853 fingo
418 2813 635 2855 argumenta
655 2812 890 2858 proposuisse
912 2812 958 2848 ab
983 2812 1176 2848 observato
1205 2813 1366 2848 omnium
1387 2824 1508 2848 rerum
1535 2824 1604 2847 usu
1629 2811 1744 2857 petita
1771 2812 1900 2861 eisque
1928 2812 2071 2857 similia,
2101 2824 2199 2862 quae
2227 2813 2358 2849 Brote-

289 2878 366 2914 rius
403 2891 483 2927 cap.
523 2885 568 2919 12
605 2884 847 2932 supplementi
884 2885 941 2920 sui
978 2885 1109 2931 attulit,
1137 2888 1252 2935 atque
1292 2886 1356 2931 ita,
1395 2888 1436 2921 ut
1474 2896 1584 2920 unum
1620 2884 1819 2920 alterumve
1858 2885 2052 2920 obscurum
2081 2885 2150 2921 sibi
2178 2887 2357 2923 mansisse

289 2952 459 2989 Messalla
495 2955 616 2993 dicere
653 2957 780 2994 abiens
816 2961 952 3005 posset.
1006 2957 1112 2994 Unde
1150 2958 1197 2994 ad
1224 2960 1512 2995 aestimationem
1551 2958 1648 2993 illam
1675 2969 1792 3004 paene
1819 2959 2014 2994 fanaticam
2042 2963 2079 2994 et
2107 2960 2160 2995 rei
2187 2960 2358 3007 publicae

288 3025 390 3071 prius
414 3026 553 3064 liberae
580 3033 617 3066 et
637 3031 842 3078 praesentis
872 3031 1012 3068 formae
1046 3032 1206 3068 civitatis
1238 3035 1276 3068 et
1307 3032 1499 3068 universae
1521 3032 1755 3082 eloquentiae
1777 3031 1885 3068 facile
1908 3043 1991 3068 eum
2013 3033 2171 3069 transire
2193 3035 2360 3082 potuisse

290 3108 311 3131 Θ
338 3110 417 3147 cap.
460 3105 505 3137 13
545 3104 710 3149 ejusdem
748 3105 991 3151 supplementi
1029 3106 1133 3140 initio
1171 3109 1336 3152 apparet.
1392 3105 1568 3140 Constare
1606 3109 1729 3140 autem
1767 3106 1836 3140 sibi
1863 3106 2081 3151 Maternum,
2122 3118 2205 3142 cum
2233 3109 2359 3144 vivere

2125 3179 2168 3209 3*
