2826 3651
2294 344 2318 385 9

260 472 348 509 edit.
375 469 524 516 Dialogi
560 479 646 516 pag.
674 468 767 504 XIX
794 480 874 516 sqq.
928 469 1036 505 Hunc
1071 469 1204 506 librum
1238 468 1534 510 Hersfeldensem
1568 471 1632 505 aut
1667 469 1784 516 ipsum
1819 474 1882 506 aut
1919 469 2142 517 descriptum
2168 469 2322 505 Henoch

259 544 468 582 Asculanus
495 552 591 577 anno
630 543 726 579 1451
757 552 780 577 a
813 541 966 579 Nicolao
993 542 1028 578 V
1060 542 1234 592 pontifice
1267 543 1451 590 maximo,
1485 542 1732 579 bibliothecae
1766 543 1967 580 Vaticanae
2002 542 2212 589 conditore,
2252 542 2322 589 „ad

259 615 515 666 inquirendum
558 617 596 651 et
638 615 972 652 transscribendum
1004 616 1119 653 libros
1154 617 1346 665 anfiquos‘
1383 617 1421 652 in
1457 616 1631 662 Galliam,
1668 616 1916 663 Germaniam,
1951 617 2108 653 Daniam
2142 617 2320 660 missus*)

259 692 358 728 haud
384 689 538 726 multum
565 692 650 725 ante
686 701 822 725 annum
853 693 964 737 1460,
999 694 1041 727 ut
1069 692 1149 738 jam
1184 694 1269 727 ante
1306 692 1487 737 diximus,
1524 691 1562 726 in
1595 690 1738 726 Italiam
1774 691 1995 737 transvexit,
2031 690 2230 738 exscripsit
2255 690 2320 727 Jo-

258 766 387 801 vianus
414 764 613 799 Pontanus.

447 835 553 878 Quae
581 848 664 872 cum
691 837 743 873 ita
770 837 853 884 sint,
881 837 1015 873 librum
1041 837 1359 884 Herst'eldensem,
1396 849 1503 885 quem
1531 837 1704 874 amissum
1731 848 1812 874 esse
1839 837 1944 874 valde
1982 837 2157 884 dolemus,
2186 847 2207 874 e
2235 837 2318 874 cod.

262 910 476 966 Corbeiensi
504 921 547 946 eo
575 913 740 960 tempore
767 912 994 960 exscriptum
1021 923 1102 948 esse
1138 911 1226 947 satis
1253 911 1441 959 probabile
1469 915 1543 958 est,
1581 923 1656 962 quo
1693 912 1725 947 is
1759 914 1907 958 praeter
1933 911 2130 947 Annalium
2156 911 2317 959 priorem

258 987 399 1032 partem
428 983 672 1030 Germaniam,
700 985 923 1031 Agricolam,
951 985 1161 1032 Dialogum,
1190 985 1356 1021 Suetonii
1382 985 1542 1021 libellum
1569 988 1891 1022 commemoratum
1917 985 2056 1021 habuit.
2096 984 2151 1021 Of.
2170 984 2317 1021 Urlichs

259 1057 379 1094 annal.
398 1057 524 1105 philol.
538 1057 613 1094 Eos
631 1058 680 1104 11,
705 1061 779 1095 224
803 1070 882 1106 sqq.
918 1058 997 1095 Hos
1014 1059 1128 1095 libros
1147 1059 1216 1095 hoc
1234 1058 1316 1095 loco
1335 1058 1431 1094 idem
1450 1059 1622 1106 exposuit
1640 1062 1782 1107 partem
1802 1059 1914 1094 fuisse
1935 1058 2189 1094 fasciculorum
2206 1058 2315 1094 XVII

257 1132 419 1180 priorum
448 1131 586 1167 codicis
615 1131 849 1169 Oorbeiensis
876 1133 1046 1178 (Medicei
1068 1133 1113 1178 l),
1141 1133 1179 1168 in
1207 1144 1279 1179 quo
1309 1133 1589 1179 quaternionum
1614 1133 1758 1169 numeri
1785 1132 1913 1168 XVIII
1939 1144 2055 1179 usque
2082 1131 2127 1167 ad
2155 1131 2317 1167 XXXIV

260 1205 466 1240 recentiore
493 1217 603 1241 manu
630 1206 715 1242 inde
743 1207 789 1242 ab
818 1206 1088 1243 undevicesimo
1116 1207 1291 1242 fasciculo
1319 1207 1372 1242 ita
1397 1207 1528 1242 mutati
1555 1209 1658 1252 sunt,
1675 1258 1677 1260 q
1694 1210 1734 1242 ut
1769 1207 1841 1242 illis
1869 1206 2030 1242 numeris
2057 1209 2165 1242 notae
2191 1217 2316 1241 nume·

259 1290 384 1313 rorum
412 1278 461 1324 11,
488 1278 546 1313 111
574 1290 654 1326 sqq.
683 1279 1010 1326 subscriberentur,
1039 1291 1134 1327 quae
1162 1280 1442 1327 quaternionum
1470 1280 1601 1316 seriem
1629 1280 1708 1316 cod.
1736 1280 1831 1316 Med.
1861 1280 1877 1315 I
1905 1280 2027 1327 priore
2055 1282 2158 1326 parte
2184 1279 2317 1326 privati

255 1351 472 1387 indicarent.

446 1413 518 1450 Sed
561 1414 692 1450 falsam
729 1426 809 1452 esse
851 1416 952 1452 illam
985 1416 1158 1454 Urlichsii
1201 1417 1407 1465 opinionem
1453 1406 1648 1453 ostendunt
1692 1428 1785 1464 quae
1811 1416 1992 1452 Henricus
2019 1415 2104 1452 Keil
2137 1416 2174 1450 in
2209 1415 2317 1450 Plinii

256 1487 401 1534 epistol.
432 1488 595 1525 editione
621 1489 726 1539 Lips.
751 1501 785 1526 a.
817 1492 915 1526 1870
943 1492 1057 1539 praef.
1086 1503 1171 1539 pag.
1199 1492 1271 1526 VII
1297 1491 1480 1538 exposuit.

444 1546 539 1599 Nam
574 1562 737 1599 codicem
764 1562 968 1600 Mediceum
1002 1564 1093 1611 plut.
1127 1564 1268 1600 XLVII
1303 1567 1350 1601 36
1387 1564 1496 1600 Plinii
1531 1563 1765 1612 epistolarum
1802 1575 1934 1600 novem
1968 1564 2083 1600 libros
2119 1574 2235 1610 usque
2270 1563 2317 1599 ad

259 1633 348 1670 noni
375 1633 459 1671 libri
487 1635 594 1684 epist.
623 1638 685 1683 26,
714 1636 734 1683 ξ
764 1638 785 1674 8
815 1637 1060 1674 continentem
1096 1637 1141 1673 ab
1178 1637 1304 1674 eodem
1331 1637 1482 1674 librario
1518 1638 1720 1673 confectum
1748 1648 1840 1684 esse,
1870 1638 1932 1685 qui
1966 1637 2164 1673 Annalium
2199 1636 2317 1672 Taciti

256 1708 370 1744 libros
396 1709 430 1744 V
456 1710 515 1746 vel
547 1711 671 1758 potius
704 1711 757 1746 VI
784 1711 822 1746 in
849 1711 929 1747 cod.
957 1712 1052 1748 Med.
1080 1712 1172 1760 plut.
1200 1712 1359 1748 LXVIII
1391 1715 1405 1748 1
1446 1712 1602 1759 scripsit,
1641 1715 1678 1747 et
1714 1712 1798 1747 olim
1826 1711 1957 1759 Angel.
1980 1711 2072 1747 Mar.
2101 1711 2314 1755 Bandinius,

257 1783 502 1820 bibliothecae
529 1785 798 1822 Laurentianae
825 1798 985 1822 summus
1020 1786 1271 1834 praepositus,
1308 1786 1399 1822 vidit
1408 1786 1463 1831 **)
1492 1788 1529 1822 et
1555 1786 1714 1822 Henrico
1749 1786 1850 1831 Keil,
1887 1786 2207 1833 grammaticorum
2235 1784 2316 1820 lati-

256 1869 387 1894 norum
423 1858 555 1895 editori
592 1859 645 1895 illi
680 1860 902 1907 doctissimo,
947 1872 1029 1897 cum
1064 1863 1259 1909 utrumque
1294 1860 1427 1897 librum
1467 1860 1668 1907 tractabat,
1711 1860 1902 1897 manifesto
1946 1859 2129 1908 apparuit.
2194 1859 2315 1906 „Quin

257 1931 379 1978 etiam,
408 1932 547 1980 inquit,
575 1945 649 1975 uno
676 1934 860 1970 volumine
888 1934 975 1971 olim
1003 1935 1095 1971 duos
1124 1934 1269 1972 codices
1297 1935 1579 1982 comprehensos
1606 1935 1664 1970 vel
1693 1938 1790 1971 certe
1817 1935 1879 1970 uni
1906 1934 2084 1970 volumini
2113 1933 2314 1969 destinatos

257 2003 369 2040 fuisse
396 2007 539 2042 numeri
567 2008 866 2054 quaternionum,
904 2008 966 2055 qui
1000 2008 1036 2043 in
1072 2008 1154 2044 imis
1189 2007 1415 2054 marginibus
1441 2007 1650 2043 ultimarum
1677 2008 1784 2043 unius
1811 2007 1990 2053 cujusque
2018 2006 2184 2041 fasciculi
2210 2006 2313 2053 pagi-

255 2088 384 2113 narum
421 2079 459 2114 in
493 2082 650 2127 utroque
687 2082 813 2117 codice
849 2082 976 2128 scripti
1011 2085 1115 2127 sunt,
1154 2081 1328 2117 indicant.
1381 2082 1475 2118 Nam
1519 2093 1600 2117 cum
1644 2081 1682 2117 in
1714 2080 1822 2116 Plinii
1865 2080 1991 2116 codice
2034 2080 2198 2116 continui
2242 2080 2314 2115 sint

257 2151 538 2197 quaternionum
565 2154 708 2190 numeri
734 2155 820 2191 inde
847 2154 893 2190 ab
920 2155 939 2191 I
965 2166 1082 2202 usque
1109 2154 1156 2191 ad
1177 2154 1297 2200 XVII,
1325 2154 1392 2191 hos
1419 2155 1457 2191 in
1484 2154 1601 2191 Taciti
1627 2153 1750 2190 codice
1777 2153 1968 2200 excipiunt
1993 2153 2135 2188 numeri
2161 2163 2312 2201 prorsus

256 2224 386 2261 eodem
411 2226 494 2263 loco
522 2227 672 2275 antiqua
698 2239 808 2264 manu
834 2228 946 2276 positi
972 2228 1100 2264 XVIII
1127 2239 1244 2276 usque
1271 2228 1318 2265 ad
1345 2228 1520 2264 XXXIV.
1564 2229 1693 2275 Itaque
1721 2239 1801 2263 cum
1828 2238 1850 2262 a
1876 2227 2038 2272 librario,
2068 2227 2130 2273 qui
2156 2226 2313 2273 primum

256 2298 366 2334 Plinii
395 2301 570 2347 epistolas
598 2301 729 2337 deinde
752 2302 869 2338 Taciti
896 2301 1009 2355 libros
1037 2303 1193 2350 scripsit,
1221 2302 1385 2339 continui
1414 2302 1692 2350 quaternionum
1718 2301 1859 2337 numeri
1885 2300 1994 2349 positi
2023 2302 2159 2345 essent,
2185 2303 2313 2347 postea

255 2372 399 2408 duobus
425 2373 670 2410 voluminibus
705 2374 813 2411 factis
848 2375 887 2410 in
920 2375 1124 2422 posteriore
1157 2378 1275 2423 parte,
1312 2386 1407 2423 quae
1441 2375 1561 2412 Taciti
1595 2375 1706 2411 libros
1742 2373 1970 2420 continebat,
2007 2373 2151 2409 numeri
2185 2373 2240 2408 ita
2273 2377 2315 2409 ut

254 2443 336 2482 dixi
357 2448 488 2484 mutati
505 2447 676 2485 videntur
694 2447 809 2485 esse.“
857 2449 980 2492 Quare
999 2449 1029 2485 si
1046 2449 1166 2486 Taciti
1184 2449 1320 2497 scripta
1338 2449 1478 2485 minora
1496 2451 1532 2486 et
1552 2449 1716 2485 Suetonii
1736 2447 1894 2494 libellus,
1918 2458 2030 2498 quem
2048 2446 2196 2494 saepius
2213 2458 2313 2482 com·

254 2520 546 2568 memoravimus,
575 2521 749 2570 epistolas
776 2522 888 2559 Plinii
915 2525 952 2559 et
979 2522 1175 2559 Annalium
1202 2523 1361 2571 priorem
1394 2526 1536 2571 partem
1570 2522 1608 2557 in
1644 2521 1767 2557 codice
1803 2520 2018 2556 Corbeiensi
2052 2521 2314 2567 sequebantur,

255 2591 342 2637 quin
371 2593 491 2630 codex
518 2596 740 2643 archetypus
766 2596 959 2632 Fuldensis
985 2595 1065 2643 ipse
1091 2596 1345 2632 miscellaneus
1371 2597 1493 2641 fuerit,
1521 2607 1593 2630 non
1621 2599 1676 2630 est
1704 2606 1768 2629 cur
1796 2594 2014 2630 dubitemus.

441 2669 524 2705 Jam
550 2681 639 2705 vero
673 2670 711 2704 in
739 2670 848 2705 Plinii
883 2670 1009 2706 codice
1035 2671 1214 2716 Mediceo,
1249 2671 1462 2706 lacunarum
1496 2670 1593 2705 notis
1628 2681 1701 2704 non
1735 2668 1934 2715 appositis,
1969 2668 2103 2704 desunt
2136 2668 2248 2704 haec:
2284 2668 2315 2714 1,

258 2740 317 2784 16,
349 2742 366 2776 1
396 2751 494 2778 nunc
527 2754 616 2779 vero
654 2763 698 2769 -
736 2745 823 2790 2o,7
860 2754 943 2780 cum
970 2744 1039 2781 ede
1070 2756 1134 2790 —3
1168 2743 1237 2791 ΠΙ,
1269 2747 1302 2791 1,
1335 2747 1377 2781 11
1408 2743 1478 2780 fuit
1506 2743 1595 2779 obiit
1623 2761 1669 2797 ¹—-
1701 2744 1763 2789 3‚5
1796 2741 1948 2779 credere
1974 2745 2101 2791 potes3
2129 2741 2198 2788 111,
2227 2743 2262 2788 8,
2292 2744 2314 2778 4

253 2813 320 2847 est.
354 2812 447 2849 Vale
477 2834 521 2840 -
559 2819 594 2862 9,
631 2818 679 2853 28
715 2816 795 2853 dixi
821 2817 1029 2865 diligenter.
1084 2817 1248 2860 Quarum
1274 2817 1485 2853 lacunarum
1513 2828 1533 2852 e
1560 2816 1686 2852 codice
1712 2815 1929 2852 Florentino
1957 2815 2044 2852 olim
2072 2815 2317 2851 bibliothecae

254 2884 290 2920 S.
317 2885 431 2922 Marci
459 2890 534 2925 284
563 2892 600 2926 et
635 2890 715 2927 cod.
742 2891 943 2928 Dresdensi
970 2891 1031 2937 (D.
1063 2892 1152 2937 166)
1186 2891 1468 2939 supplendarum
1502 2890 1620 2937 prima
1654 2892 1692 2926 et
1727 2890 1838 2926 tertia
1869 2890 1966 2926 inter
1991 2901 2032 2926 se
2059 2888 2149 2929 nihil
2177 2889 2317 2925 distant

253 2956 421 3005 circuitu,
450 2963 612 2999 secunda
637 2964 786 3000 dimidia
811 2964 889 3001 fere
915 2975 1001 3012 pars
1029 2968 1085 3001 est
1111 2966 1313 3013 utriusque.

439 3063 470 3104 *)
494 3065 542 3096 cf.
564 3067 735 3099 Michaelis
757 3069 778 3099 l.
802 3079 829 3099 c.
852 3078 926 3109 pag.
948 3069 1039 3100 VIII.

419 3115 469 3157 **)
493 3117 541 3150 Cf.
566 3119 667 3153 catal.
691 3121 761 3153 cod.
784 3121 840 3153 lat.
862 3120 1013 3154 biblioth.
1035 3122 1202 3153 Mediceae
1224 3122 1378 3153 Laurent.
1402 3131 1431 3153 v.
1455 3121 1486 3155 11
1510 3130 1583 3163 pag.
1605 3119 1678 3153 419.

2067 3183 2086 3215 10
