2769 3592
466 290 526 351 16v

659 436 889 488 Ceteroquin
916 437 1022 473 binos
1050 437 1152 475 locos
1180 451 1268 490 pag.
1297 442 1342 476 14
1371 442 1601 488 comparatos
1629 438 1772 476 etiamsi
1799 442 1898 476 recte
1925 438 2081 476 alterum
2108 439 2155 475 ad
2182 439 2339 478 alterum
2361 444 2539 490 retulerit,

465 513 590 547 tamen
622 511 772 547 dubium
805 513 883 557 est,
918 523 1005 547 num
1036 512 1147 562 plane
1171 514 1250 559 jam
1287 513 1373 549 inde
1409 513 1603 559 efficiatur,
1640 516 1682 549 ut
1714 513 1808 549 alius
1836 517 1924 564 post
1948 524 2033 564 cap.
2063 515 2124 559 40,
2153 513 2247 549 alius
2269 508 2361 552 vante
2388 517 2538 555 dixerit.

466 584 590 626 Quid?
632 595 726 619 unus
756 587 871 634 atque
913 584 1011 621 idem
1046 586 1230 637 expositis
1265 587 1387 622 causis
1424 587 1637 623 imminutae
1670 586 1917 637 eloquentiae,
1963 598 2057 637 quas
2099 598 2120 623 e
2155 586 2274 622 forma
2308 590 2467 627 civitatis
2502 595 2539 628 et

461 658 687 705 judiciorum
713 661 856 694 mutata
882 660 1095 705 arcessivit,
1124 671 1246 696 nonne
1273 660 1327 695 ita
1352 660 1399 695 ad
1426 661 1568 697 exitum
1594 661 1789 709 pervenire
1815 660 1955 708 potuit,
1991 663 2032 696 ut
2070 661 2269 708 aliquoties
2296 661 2434 699 eisdem
2461 665 2539 701 fere

416 719 419 721 i
465 731 658 768 sententiis
686 732 817 769 callide
845 734 1077 769 commutatis
1104 736 1270 770 uteretur
1296 734 1344 770 ad
1371 734 1513 770 animos
1539 734 1767 770 audientium
1794 734 2030 771 vehementer
2057 734 2364 771 commovendos?
2402 736 2538 774 Verum

464 806 523 841 fac
545 808 583 841 et
603 805 769 852 potuisse
797 817 882 842 eum
904 809 942 842 et
963 807 1105 854 fecisse,
1129 808 1188 843 sac
1205 808 1295 843 -id
1324 808 1423 855 quod
1450 807 1551 844 nullo
1573 807 1682 843 modo
1705 807 1937 855 exploratum
1959 810 2070 843 est-
2083 808 2215 853 omnia,
2236 819 2330 855 quae
2348 819 2372 843 a
2390 819 2468 855 cap.
2491 813 2538 847 36

463 890 581 926 usque
608 879 656 915 ad
684 891 765 927 cap.
796 882 844 917 40
871 880 951 916 init.
980 881 1117 928 scripta
1143 880 1330 927 videmus,
1367 881 1524 917 Materni
1549 892 1731 929 personae
1758 882 2032 917 accommodata
2059 893 2157 928 esse,
2185 884 2308 918 tamen
2337 882 2538 929 quaeritur,

447 964 549 989 -num
578 953 802 1002 obloquente
828 954 930 990 nullo
957 958 1020 990 aut
1049 954 1169 991 denuo
1197 956 1447 1003 interrogante
1475 943 1629 1003 abrupte
1656 956 1844 991 Maternus
1870 956 1924 991 ita
1949 957 2195 1003 peroraverit,
2225 959 2264 992 ut
2291 955 2541 1002 eloquentiam

462 1028 649 1074 praesenti
680 1031 801 1065 aetate
828 1039 946 1075 paene
973 1039 1284 1076 supervacaneam
1312 1041 1394 1065 esse
1422 1029 1571 1069 diceret.
1617 1029 1711 1065 Nam
1738 1029 1872 1065 ceteris
1894 1029 2063 1065 omnibus
2084 1029 2232 1077 Dialogi
2254 1029 2356 1075 locis,
2381 1041 2539 1079 quorum

461 1104 546 1136 non'
570 1112 710 1148 paucos
744 1101 783 1137 in
817 1101 998 1149 particula
1031 1102 1050 1137 I
1082 1102 1196 1149 hujus
1230 1102 1498 1138 dissertationis
1532 1102 1742 1148 attulimus,
1789 1102 1836 1138 ad
1865 1114 1997 1138 novam
2028 1114 2105 1139 rem
2135 1103 2267 1140 sensim
2298 1105 2334 1139 et
2362 1102 2539 1150 paulatim

462 1174 582 1210 oratio
618 1175 824 1211 traducitur
861 1178 898 1211 et
934 1176 1208 1220 convertitur.*)
1262 1177 1394 1223 Itaque
1430 1187 1512 1211 cum
1548 1187 1628 1223 cap.
1659 1178 1707 1212 40
1744 1176 1865 1212 verbis
1903 1188 1998 1222 „non
2035 1177 2081 1212 de
2116 1177 2234 1212 otiosa
2268 1179 2305 1212 et
2341 1177 2464 1223 quieta
2499 1188 2539 1212 re

462 1247 671 1295 loquimur“
703 1252 741 1285 et
768 1261 804 1296 q.
832 1260 861 1284 s.
890 1260 935 1285 ea
961 1249 1144 1284 sententia
1170 1260 1340 1296 magnam
1369 1249 1619 1296 eloquentiam
1655 1252 1693 1286 et
1727 1250 1843 1285 bonos
1878 1261 2000 1286 mores
2035 1250 2132 1286 inter
2160 1262 2198 1286 se
2225 1261 2390 1298 pugnare
2418 1250 2539 1286 subito

460 1323 499 1356 et
525 1321 624 1358 ultro
652 1323 852 1371 aperiatur,
880 1322 1048 1358 lacunam
1076 1323 1205 1370 utique
1233 1326 1343 1360 antea
1370 1322 1581 1359 sumendam
1610 1334 1691 1360 esse
1719 1334 1863 1360 censeo.

652 1407 725 1443 Sed
752 1410 839 1443 ante
866 1418 947 1443 eam
976 1407 1058 1454 quis
1086 1408 1232 1443 tandem
1261 1408 1384 1443 dixit?
1437 1408 1626 1443 Maternus
1654 1418 1701 1443 an
1730 1408 1947 1444 Secundus?

651 1481 735 1523 Qua
760 1482 798 1517 in
831 1493 871 1517 re
905 1481 1044 1518 referre
1080 1482 1169 1517 mihi
1204 1482 1367 1527 videtur,
1406 1485 1447 1517 ut
1472 1482 1739 1529 perspiciamus
1766 1493 1841 1517 non
1875 1485 2023 1529 poetam
2059 1482 2122 1517 illo
2158 1482 2239 1518 loco
2268 1482 2379 1517 verba
2406 1482 2539 1528 facere,

462 1566 572 1602 quem
599 1555 748 1592 minime
774 1556 964 1603 poeniteat
992 1556 1219 1602 eloquentia,
1258 1568 1368 1602 quam
1397 1556 1678 1602 sanguinantem
1706 1557 1834 1600 vocat,
1872 1567 1911 1591 se
1939 1555 2141 1600 abdicasse,
2169 1556 2278 1591 immo
2306 1567 2394 1591 vero
2422 1557 2539 1591 causi-

461 1627 565 1663 dicus
592 1628 663 1664 fori
690 1639 817 1664 amans
844 1639 993 1664 causam
1020 1628 1252 1676 eloquentiae
1279 1648 1318 1655 -
1343 1631 1385 1664 ut
1412 1629 1463 1665 ait
1489 1629 1730 1665 Heumannus
1751 1647 1797 1652 -
1819 1627 1908 1675 agit,
1939 1628 2002 1675 qui
2028 1628 2162 1676 prioris
2189 1628 2365 1675 temporis
2386 1629 2539 1664 formam

460 1704 498 1737 et
525 1702 828 1738 consuetudinem
852 1702 1077 1749 judiciorum
1105 1703 1301 1739 desideret.
1355 1703 1488 1739 Nonne
1516 1702 1614 1738 illius
1642 1702 1713 1738 fori
1741 1701 1963 1738 desiderium
1991 1713 2074 1738 eum
2103 1702 2213 1749 capit,
2241 1703 2277 1737 in
2308 1713 2379 1749 quo
2409 1714 2539 1748 „nemo

458 1765 555 1810 intra
575 1776 818 1822 paucissimas
839 1776 951 1811 horas
972 1787 1146 1822 perorare
1169 1776 1373 1822 cogebatur
1396 1779 1433 1811 et
1455 1776 1593 1811 liberae
1617 1775 2021 1822 comperendinationes
2043 1778 2149 1810 erant
2171 1777 2208 1810 et
2229 1775 2377 1810 modum
2396 1775 2539 1811 dicendi

458 1848 529 1884 sibi
557 1849 713 1897 quisque
741 1849 909 1886 sumebat
936 1852 973 1886 et
998 1860 1172 1885 numerus
1198 1861 1320 1897 neque
1348 1849 1489 1886 dierum
1511 1861 1632 1897 neque
1663 1851 1903 1896 patronorum
1931 1848 2178 1885 finiebatur“?
2224 1849 2296 1885 Sed
2319 1861 2539 1897 quamquam

457 1923 613 1959 moleste
650 1923 741 1970 fert,
779 1923 881 1975 quod
914 1923 1072 1972 paenula
1105 1923 1304 1960 adstrictus
1341 1926 1378 1960 et
1413 1923 1513 1960 velut
1539 1922 1702 1959 inclusus
1731 1933 1813 1959 cum
1837 1921 1963 1970 judice
1991 1922 2179 1960 fabuletur
2204 1925 2315 1971 atque
2342 1923 2539 1971 plurimum

459 1998 676 2033 humilitatis
704 1999 874 2035 attulisse
903 1999 1061 2034 orationi
1088 1999 1274 2034 auditoria
1300 2001 1337 2034 et
1364 1998 1546 2033 tabularia
1574 1998 1711 2044 credit,
1748 1997 1783 2032 in
1804 1994 1953 2045 ”quibus
1985 1998 2064 2044 iam
2092 1997 2169 2034 fere
2195 1997 2374 2045 plurimae
2403 2008 2537 2034 causae

458 2072 703 2120 explicentur,
732 2076 854 2109 tamen
881 2073 990 2119 idem,
1025 2073 1318 2120 quotiescunque
1353 2073 1497 2108 occasio
1535 2072 1620 2108 data
1654 2075 1730 2117 est,
1767 2074 1999 2118 praesentem
2035 2072 2195 2107 civitatis
2231 2074 2366 2107 statum
2400 2072 2537 2107 laudat.

459 2146 638 2190 Quisnam
665 2146 781 2195 igitur
807 2147 904 2185 inter
930 2146 1070 2184 liberae
1097 2141 1152 2184 rei
1178 2147 1348 2195 publicae
1378 2146 1654 2184 admirationem
1679 2166 1723 2172 —-
1746 2157 1967 2194 quamquam
1989 2146 2314 2194 perturbationem,
2341 2146 2537 2193 licentiam,

457 2221 532 2258 alia
558 2221 656 2258 illius
684 2222 861 2269 temporis
888 2221 986 2258 mala
1011 2221 1111 2257 haud
1138 2222 1285 2269 ignorat
1316 2242 1358 2247 —
1392 2224 1429 2257 et
1456 2232 1544 2257 suae
1572 2220 1703 2256 aetatis
1731 2219 1877 2256 laudem
1904 2219 2150 2266 itafluctuat,
2186 2222 2227 2255 ut
2255 2219 2397 2256 duabus
2424 2219 2535 2266 sellis,

457 2296 495 2331 id
524 2296 623 2343 quod
649 2295 839 2343 proverbii
865 2295 947 2331 loco
975 2295 1047 2331 dici
1075 2295 1180 2341 solet,
1209 2295 1360 2332 sedeat?
1415 2294 1517 2331 Idem
1544 2294 1738 2339 videlicet,
1778 2305 1887 2340 quem
1922 2293 2088 2329 infinitae
2115 2304 2225 2329 curae
2253 2293 2367 2329 fuisse
2396 2293 2538 2335 Quinti·

456 2370 578 2406 lianus
605 2370 694 2406 dicit
721 2371 784 2416 (cf.
812 2381 898 2418 pag.
930 2370 1004 2416 15),
1034 2370 1097 2418 qui
1124 2370 1162 2406 in
1190 2381 1269 2418 cap.
1301 2372 1322 2406 3
1350 2369 1557 2406 Maternum
1585 2369 1806 2406 adhortatus
1834 2370 1910 2415 est,
1947 2370 1989 2404 ut
2024 2367 2208 2404 emitteret
2238 2367 2438 2410 „Catonem
2464 2379 2538 2404 non

458 2445 606 2493 quidem
633 2445 823 2481 meliorem
859 2445 923 2480 sed
959 2447 1080 2480 tamen
1117 2442 1378 2489 securiorem“‚
1419 2443 1482 2491 qui
1517 2443 1554 2479 in
1590 2454 1669 2490 cap.
1712 2445 1758 2478 14
1795 2441 1889 2478 adeo
1928 2444 2035 2478 caute
2072 2441 2184 2487 dixit,
2221 2444 2262 2477 ut
2300 2441 2538 2478 offensionem

458 2531 605 2556 omnem
633 2520 778 2566 fugeret
808 2538 854 2544 —
884 2529 931 2554 ne
959 2518 1096 2554 diutius
1124 2517 1301 2554 disseram
1336 2537 1376 2543 ——
1407 2517 1529 2554 Julius
1556 2516 1758 2554 Secundus.

647 2603 778 2651 Neque
795 2614 884 2640 vero
903 2614 983 2651 cap.
1005 2585 1056 2642 39¹
1073 2602 1187 2640 verba
1205 2602 1322 2639 solum
1341 2602 1378 2638 in
1397 2601 1469 2639 fine
1487 2613 1574 2650 pag.
1591 2604 1638 2639 14
1657 2600 1769 2637 allata
1791 2612 1937 2647 „curam
1957 2603 1995 2637 et
2013 2599 2201 2647 diligentis
2220 2599 2293 2635 stili
2310 2600 2538 2636 anxietatem

457 2677 680 2714 contrariam
713 2676 962 2725 experimur‘,
1000 2675 1064 2714 sed
1100 2676 1212 2713 etiam
1240 2687 1335 2724 quae
1362 2676 1538 2724 leguntur
1564 2675 1645 2712 init.
1674 2685 1753 2723 cap.
1784 2677 1831 2712 37
1874 2674 2021 2720 „nescio
2058 2685 2105 2710 an
2141 2673 2310 2710 venerint
2345 2673 2383 2709 in
2411 2684 2538 2710 manus

456 2755 599 2788 vestras
634 2753 727 2788 haec
763 2754 902 2797 vetera,
931 2761 1024 2798 quae
1060 2753 1097 2787 et
1130 2750 1169 2786 in
1204 2750 1496 2798 antiquariorum
1531 2749 1765 2786 bibliothecis
1801 2748 1922 2785 adhuc
1957 2739 2107 2785 manent
2143 2750 2179 2784 et
2211 2759 2293 2784 cum
2327 2748 2489 2785 maxime
2516 2759 2540 2783 a

456 2826 628 2862 Muciano
657 2823 948 2862 contrahuntur‘
979 2827 1017 2860 et
1045 2836 1079 2871 q.
1108 2836 1136 2859 s.
1167 2825 1351 2870 Secundo,
1391 2825 1454 2871 qui
1491 2823 1647 2859 oratoris
1681 2822 1987 2870 praestantissimi
2015 2822 2127 2857 vitam
2155 2821 2378 2868 composuit,
2415 2821 2539 2869 aptius

457 2912 568 2947 quam
594 2900 762 2936 Materno
790 2898 1024 2935 conveniunt.
1070 2898 1165 2934 Nam
1194 2898 1376 2945 tragicum
1404 2901 1563 2945 poetam,
1594 2897 1813 2934 sanctiorem
1835 2896 1935 2932 illam
1958 2899 1996 2932 et
2018 2896 2269 2942 augustiorem
2291 2895 2537 2942 eloquentiam

648 3055 679 3095 *)
702 3057 784 3087 Loci
805 3056 939 3097 Dialogi
960 3065 980 3086 a
1002 3055 1121 3087 Petere
1144 3055 1165 3086 l.
1184 3065 1211 3086 c.
1230 3065 1302 3096 pag.
1328 3053 1389 3087 139
1412 3055 1514 3091 allati,
1538 3054 1655 3096 quibus
1679 3052 1968 3095 conjunctionibus
1991 3053 2131 3094 demptis
2154 3053 2313 3084 dissolute
2336 3052 2459 3084 dictum
2478 3054 2538 3088 est,

456 3111 498 3141 ad
522 3110 606 3141 hanc
629 3120 697 3141 rem
720 3110 852 3140 minime
875 3110 1051 3149 pertinent.
