2903 3625
531 320 558 361 8

528 443 657 491 optimi
691 445 907 492 paginarum
940 443 1156 480 amissarum
1188 455 1378 480 numerum
1413 444 1602 491 adjiciunt.
1660 444 1755 480 Nam
1788 444 1827 479 in
1860 443 1940 480 cod.
1976 444 2095 481 Vatic.
2138 448 2235 484 1862
2268 447 2330 492 [Δ]
2341 446 2375 492 *)
2408 445 2582 494 legimus:

535 517 617 563 „ln‘c
662 517 794 555 <luunt
837 528 907 555 sex
950 515 1142 564 pagellae‘
1190 520 1227 554 et
1269 517 1308 554 in
1351 517 1516 565 margine
1560 516 1639 554 cod.
1667 515 1857 554 Leidensis
1882 516 2011 555 xvln
2035 517 2153 555 Peris.
2198 518 2279 565 [1312
2328 519 2504 566 „deerant
2545 520 2584 558 in

529 590 734 638 exe-plari
789 602 860 628 sex
914 589 1084 637 pagellae
1139 592 1322 628 vetustate
1373 590 1644 639 consumptae“.
1732 589 1804 626 Sed
1861 590 1932 627 hoc
1991 602 2172 627 consensu
2230 592 2310 639 ipso
2354 593 2583 641 significatur

531 662 788 709 Bitterum**)‚
819 662 1039 700 Urlichsium
1048 663 1141 710 ***),
1163 664 1256 700 alios
1280 663 1445 701 homines
1466 664 1605 709 doctos,
1628 674 1709 699 cum
1730 662 1793 698 illa
1813 663 2044 700 librariorum
2064 665 2300 702 annotatione
2317 666 2398 702 nixi
2419 677 2470 703 ex
2492 667 2582 714 ipsis

529 736 676 782 Dialogi
710 735 915 780 codicibus,
952 736 1017 782 qui
1051 737 1098 772 ad
1130 748 1197 773 nos
1224 740 1479 783 pervenerunt,
1508 747 1711 772 mensuram
1744 736 1896 772 lacunae
1932 737 2165 783 colligerent,
2204 749 2352 784 operam
2386 742 2423 775 et
2461 739 2583 776 oleum

526 808 740 856 perdidisse,
769 808 942 856 quoniam
968 809 1006 845 in
1034 809 1272 846 describendo
1299 820 1344 845 eo
1376 809 1599 856 exemplari,
1636 807 1733 855 quod
1760 807 1913 844 Henoch
1939 808 2144 846 Asculanus
2178 809 2277 847 haud
2310 811 2461 849 multum
2496 814 2582 850 ante

530 892 666 918 annum
697 883 798 919 1460
824 881 978 918 Romam
1004 882 1141 928 attulit,
1169 893 1236 918 nec
1261 881 1478 928 paginarum
1506 893 1573 918 nec
1601 892 1770 918 versuum
1797 880 1944 917 modum
1970 882 2113 919 scribae
2140 882 2439 920 observaverunt.
2486 884 2581 921 Nam

526 955 567 990 ut
594 952 670 990 alia
694 954 995 1001 praetermittam,
1031 954 1068 991 in
1103 954 1182 990 cod.
1209 954 1242 990 A
1274 956 1319 991 16
1348 954 1445 990 foliis
1471 954 1650 1001 Dialogus
1678 955 1894 1000 continetur,
1922 954 1960 989 in
1987 954 2066 990 cod.
2095 955 2125 990 B
2155 957 2202 991 29
2212 955 2262 999 †).
2315 956 2446 1003 Itaque
2468 968 2581 1004 quan-

526 1030 600 1063 tam
626 1029 768 1074 partem
794 1027 941 1075 Dialogi
970 1039 1038 1064 sex
1064 1027 1150 1065 illae
1177 1026 1343 1074 pagellae
1370 1026 1592 1074 exemplaris
1619 1026 1847 1063 Henochiani
1883 1018 2007 1063 amissi
2041 1028 2303 1075 continuerint,
2339 1028 2409 1066 nisi
2445 1041 2580 1067 novum

525 1100 707 1138 auxilium
734 1103 979 1148 comparatur,
1007 1100 1102 1139 effici
1129 1101 1194 1137 vix
1221 1103 1354 1147 potest.
1411 1100 1518 1142 Quod
1545 1100 1726 1137 auxilium
1753 1101 1921 1148 Eggerus
1931 1100 1996 1145 ††)
2023 1101 2059 1136 in
2087 1101 2167 1137 cod.
2194 1102 2361 1138 Parisino
2391 1105 2490 1139 7773
2526 1103 2579 1139 in-

525 1173 717 1220 spiciendo
751 1174 934 1210 invenisse
974 1173 1044 1209 sibi
1078 1173 1177 1209 visus
1225 1176 1291 1209 est.
1357 1173 1441 1208 Non
1474 1173 1623 1210 dubium
1664 1176 1719 1210 est
1745 1174 1882 1209 homini
1916 1173 1969 1208 illi
2005 1173 2124 1219 docto,
2160 1174 2247 1221 quin
2283 1175 2314 1210 is
2350 1175 2412 1222 qui
2448 1175 2579 1213 librum

525 1247 672 1293 scripsit
697 1257 829 1283 novem
856 1246 942 1282 folia
972 1257 1019 1291 „a
1044 1245 1268 1292 glutinatore
1295 1246 1353 1281 vel
1380 1246 1451 1281 alio
1479 1246 1665 1293 quolibet“
1694 1249 1824 1293 postea
1850 1245 1996 1293 dempta
2030 1257 2147 1282 vacua
2180 1246 2389 1293 reliquerit,
2429 1260 2579 1295 sperans

525 1329 596 1365 ope
621 1318 784 1355 melioris
810 1321 848 1355 et
873 1318 1009 1365 integri
1036 1317 1171 1354 codicis
1206 1318 1339 1353 librum
1374 1329 1478 1353 suum
1514 1329 1553 1354 se
1588 1329 1668 1354 esse
1703 1318 1978 1365 completurum.
2034 1318 2141 1360 Quod
2175 1319 2205 1354 si
2244 1320 2386 1364 „scriba
2421 1322 2578 1367 spatium

525 1390 745 1439 excipiendo
780 1391 974 1439 posteriori
1016 1390 1225 1438 fragmento
1267 1390 1438 1427 idoneum
1474 1390 1562 1427 satis
1595 1393 1698 1428 recta
1735 1390 1923 1427 oculorum
1960 1390 2172 1437 conjectura
2208 1391 2255 1427 sit
2292 1393 2576 1439 praemetatus‘f,

524 1467 635 1501 sexta
660 1465 736 1500 fere
762 1464 908 1510 Dialogi
934 1475 1020 1510 pars
1046 1464 1153 1500 nobis
1180 1464 1286 1499 desit.
1343 1464 1461 1505 Quam
1495 1464 1673 1500 rationem
1707 1464 1824 1509 ignoti
1861 1463 2022 1499 liberarii
2058 1464 2156 1499 omni
2187 1475 2313 1501 carere
2339 1465 2577 1502 fundamento

523 1540 631 1573 nemo
657 1548 731 1573 non
757 1536 941 1582 intelligit.
996 1536 1121 1578 Quare
1148 1536 1325 1583 temptavi
1352 1537 1443 1583 ipse,
1472 1537 1503 1573 si
1529 1536 1608 1583 via,
1644 1548 1754 1583 quam
1791 1536 1913 1572 statim
1945 1536 2169 1582 monstrabo,
2206 1536 2253 1572 ad
2287 1537 2429 1574 exitum
2456 1538 2575 1575 minus

523 1610 702 1648 incertum
729 1609 856 1649 venire
881 1620 1038 1658 possem.

712 1682 865 1723 Gon-tat
891 1684 987 1721 inter
1014 1694 1139 1720 omnes
1165 1682 1386 1729 Rudolfum,
1423 1683 1589 1719 coenobii
1624 1682 1816 1719 Fuldensis
1843 1683 2078 1728 monachum,
2107 1683 2170 1730 qui
2197 1694 2292 1720 anno
2320 1695 2355 1731 p.
2385 1683 2471 1720 Chr.
2499 1686 2574 1722 865

521 1759 687 1798 mortuus
715 1759 791 1804 est,
818 1756 983 1797 codicem
1009 1759 1047 1796 et
1073 1756 1234 1804 priorem
1260 1756 1459 1793 Annalium
1486 1757 1717 1794 Taciteomm
1743 1759 1882 1802 partem
1909 1759 1946 1793 et
1972 1756 2203 1792 Germaniam
2212 1756 2304 1801 †††)
2331 1757 2576 1795 continentem

520 1841 632 1868 mana
666 1841 734 1869 sua
766 1831 981 1876 versavtsse,
1018 1842 1090 1877 quo
1126 1830 1163 1868 in
1198 1829 1323 1866 codice
1358 1833 1506 1876 praeter
1540 1829 1622 1865 illos
1655 1829 1768 1865 libros
1800 1829 1892 1865 alios
1926 1829 2039 1866 fuisse
2074 1829 2171 1867 infra
2204 1830 2406 1878 apparebit.
2468 1830 2574 1871 Unde

521 1903 670 1941 saeculo
696 1903 733 1938 X
759 1903 817 1939 vel
844 1903 900 1940 XI
924 1906 1094 1943 truncum
1121 1903 1211 1939 illud
1238 1903 1436 1938 Annalium
1470 1902 1660 1948 exemplar
1692 1901 1843 1938 fluxisse
1876 1901 1954 1937 veri
1981 1901 2098 1937 simile
2124 1905 2192 1948 est,
2221 1902 2318 1949 quod
2344 1914 2441 1940 anno
2473 1905 2570 1942 1508

520 1988 541 2012 e
581 1975 797 2014 Corbeiensi
828 1975 1050 2015 monasterio
1084 1975 1132 2011 ad
1158 1975 1344 2022 Visurgim
1386 1975 1457 2011 sito
1492 1975 1666 2020 Romam,
1710 1974 1835 2010 Leone
1869 1973 1905 2009 X
1945 1973 2119 2021 pontifice
2162 1977 2306 2012 mortuo
2347 1975 2572 2012 Florentiam

523 2049 740 2087 translatum
766 2052 835 2094 est,
863 2049 926 2086 ubi
961 2048 1071 2084 etiam
1098 2059 1194 2083 nunc
1222 2052 1387 2087 servatur
1413 2049 1450 2083 in
1478 2048 1565 2084 bibl.
1593 2046 1724 2083 Medic.
1751 2047 1841 2093 plut.
1869 2047 2027 2083 LXVIII
2054 2046 2133 2084 cod.
2166 2051 2201 2084 1.
2226 2048 2354 2085 Altera
2379 2048 2463 2084 libri
2489 2061 2575 2096 pars

522 2122 671 2161 saeculo
700 2121 795 2162 xm
821 2121 1006 2169 descripta
1014 2121 1088 2167 ἢ),
1115 2132 1210 2168 quae
1245 2121 1362 2157 Taciti
1390 2120 1624 2157 Germaniam
1651 2119 1837 2164 continuit,
1866 2130 2021 2166 quacum
2054 2118 2251 2166 Dialogum
2286 2119 2331 2156 de
2367 2121 2573 2160 oratoribus

522 2198 561 2232 et
588 2194 753 2232 Suetonii
778 2194 942 2231 libellum
977 2193 1022 2231 de
1051 2193 1305 2230 Grammaticis
1340 2197 1376 2230 et
1412 2192 1619 2230 rhetoribus
1654 2192 1860 2228 cohaesisse
1895 2203 1915 2229 e
1943 2191 2067 2229 codice
2093 2192 2265 2230 Leidensi
2300 2193 2427 2230 XVIII
2454 2194 2572 2231 Periz.

521 2269 567 2310 Q.
595 2270 642 2306 21
671 2268 910 2314 scinu-‘ffb
937 2267 1042 2307 initio
1068 2278 1165 2304 saec.
1193 2267 1263 2302 XV
1298 2267 1336 2302 in
1363 2266 1574 2304 monasterii
1601 2264 1871 2303 Hersfeldensis
1905 2264 1953 2301 ad
1979 2264 2131 2302 Fuldam
2166 2265 2315 2304 fluvium
2351 2267 2412 2304 siti
2447 2267 2575 2304 biblio-

518 2342 629 2378 theca
665 2341 747 2380 fnit.
809 2341 938 2380 Testes
973 2344 1057 2381 sunt
1093 2340 1269 2387 epistolae
1307 2339 1495 2377 Francisci
1529 2338 1681 2385 Poggii,
1721 2337 1966 2384 chrysolorae
2000 2337 2187 2385 discipuli,
2223 2338 2270 2374 ad
2301 2339 2493 2381 Nicolaum
2530 2339 2575 2377 de

519 2415 660 2454 Nicelis
685 2415 938 2453 Florentinum
963 2415 1107 2460 missae,
1145 2425 1235 2461 quas
1269 2413 1426 2452 Thomas
1453 2412 1499 2450 de
1527 2410 1689 2449 Tonellis
1716 2410 1924 2447 Florentiae
1951 2421 1983 2446 a.
2018 2413 2114 2448 1832
2142 2410 2267 2448 edidit.
2294 2411 2378 2448 Vid.
2406 2412 2574 2451 Michael.

708 2506 740 2545 ⁴¹)
762 2508 887 2546 Sequor
907 2507 1060 2538 Adolfum
1083 2506 1244 2542 Micholis,
1267 2506 1323 2545 qui
1346 2507 1436 2545 Lips.
1459 2516 1487 2536 a.
1512 2503 1594 2535 1868
1615 2503 1789 2544 Dia-logum
1812 2503 1923 2535 edidit.

686 2556 737 2597 **)
759 2559 832 2590 Vid.
855 2558 932 2590 edit.
954 2558 1031 2589 Tac.
1053 2559 1143 2598 Lips.
1166 2567 1195 2589 a.
1219 2556 1302 2587 1864
1322 2567 1395 2598 pag.
1417 2556 1488 2600 728.

666 2611 736 2650 ***)
758 2613 823 2643 Eos
845 2612 877 2642 11
898 2611 969 2642 232.
1013 2613 1110 2642 Hunc
1133 2612 1281 2651 sequitur
1302 2610 1472 2641 Eduardus
1495 2609 1626 2649 Philipp
1648 2618 1754 2649 progr.
1766 2605 1949 2640 vindobon.
1967 2618 1995 2639 a.
2015 2606 2105 2645 1887,
2128 2608 2215 2649 quod
2237 2609 2403 2650 inscripsit
2426 2609 2574 2650 „Dialogi

519 2665 671 2702 Taciti-i,
694 2664 751 2705 qui
772 2664 873 2695 fertur
894 2664 933 2694 de
956 2663 1155 2699 oratoribus,
1185 2672 1267 2703 quae
1298 2663 1441 2703 genuina
1469 2662 1567 2693 fuerit
1597 2661 1717 2692 forma⁴⁴
1742 2669 1814 2701 pag.
1837 2659 1887 2691 34.
1941 2660 2032 2690 Idem
2062 2670 2126 2700 quo
2155 2662 2250 2693 modo
2281 2662 2386 2692 codici
2408 2662 2572 2692 Vindobo-

518 2719 613 2748 nensi
634 2718 667 2748 11
688 2717 730 2748 ab
753 2717 916 2747 Huemero
939 2716 1057 2747 collato
1087 2715 1289 2754 (Zeitschrift
1310 2716 1331 2746 f.
1355 2715 1384 2745 d.
1408 2717 1539 2746 oestcrr.
1563 2714 1679 2754 Gymn.
1704 2711 1794 2749 1878,
1821 2723 1893 2754 pag.
1916 2710 1976 2743 801
1996 2712 2078 2753 sqq.)
2101 2712 2237 2744 multum
2259 2712 2400 2744 tribuere
2422 2715 2574 2753 potuerit,

519 2779 585 2801 non
608 2768 766 2810 intelligo.

708 2821 743 2861 †)
767 2821 815 2853 Cf.
838 2821 946 2851 Taciti
969 2820 1074 2851 Germ.
1098 2821 1147 2851 ed.
1170 2821 1358 2850 Massmann
1380 2819 1551 2857 Quedlinb.
1576 2817 1667 2854 184⁷,
1689 2827 1761 2858 pag.
1784 2817 1803 2847 7
1826 2821 1859 2848 et
1880 2827 1952 2857 pag.
1977 2815 2026 2848 16.

688 2873 744 2912 ††)
768 2873 841 2905 vid.
863 2873 1112 2904 Zimmermanni
1135 2872 1325 2904 Zeitschrift
1346 2872 1367 2902 f.
1390 2873 1419 2902 d.
1442 2872 1663 2903 Altertumsw.
1685 2871 1735 2902 111
1757 2868 1874 2909 (1836),
1897 2880 1969 2911 pag.
1993 2868 2063 2900 338.

664 2924 741 2964 †††)
763 2926 836 2956 Vid.
859 2925 979 2956 Pertxii
999 2925 1142 2956 Momm
1166 2924 1358 2957 Germaniae
1379 2924 1491 2954 histor.
1514 2922 1577 2953 vol.
1602 2922 1618 2953 1
1639 2932 1711 2963 pag.
1734 2921 1796 2952 368
1818 2926 1852 2953 et
1872 2923 1905 2955 11
1926 2932 1999 2963 pag.
2023 2921 2093 2952 675.

685 2977 737 3016 *†)
759 2978 832 3008 Vid.
863 2977 1013 3008 Suetonii
1041 2976 1222 3016 Tranquilli
1252 2986 1335 3016 quae
1364 2978 1540 3015 supersunt
1569 2975 1678 3005 omnia
1706 2984 1768 3005 rec.
1806 2974 1909 3005 Carol.
1947 2975 2029 3005 Lud.
2060 2974 2146 3005 Roth
2189 2974 2278 3014 Lips.
2308 2984 2336 3005 a.
2363 2972 2454 3010 1877,
2477 2984 2573 3014 pagg.

518 3032 607 3064 LXV
634 3034 667 3061 et
688 3030 805 3062 LXVI.

664 3080 736 3121 ¹'‘²⁸¹†)
758 3082 838 3114 Ritt.
862 3082 938 3113 edit.
961 3091 1047 3122 oper.
1071 3080 1147 3112 Tae.
1180 3081 1270 3121 Lips.
1293 3080 1392 3120 praef.
1415 3089 1487 3121 pag.
1511 3079 1648 3112 XVIIII.
