2878 3554
450 253 506 295 18

448 379 578 414 videor
616 389 639 413 a
666 388 745 424 cap.
775 379 822 412 36
861 386 979 422 usque
1018 375 1066 411 ad
1104 387 1184 423 cap.
1215 379 1264 412 40
1292 376 1371 412 init.
1406 388 1478 412 non
1507 377 1725 422 Maternum,
1764 376 1829 413 sed
1858 377 2065 413 Secundum
2103 377 2218 413 verba
2256 379 2379 414 facere
2418 382 2531 425 atque

446 451 643 488 nonnullos
681 461 826 495 eorum,
867 449 930 496 qui
967 449 1122 485 alteram
1157 450 1258 486 illam
1293 450 1461 486 lacunam
1500 453 1646 487 exstare
1686 450 1805 486 adhuc
1841 454 1997 497 negant,
2039 451 2087 487 ad
2128 451 2348 487 contrariam
2383 454 2530 487 senten-

448 525 537 560 tiam
564 524 826 571 perducturum
853 534 912 558 me
939 534 1022 559 esse
1049 535 1158 570 spero
1187 526 1223 559 et
1251 523 1407 560 confido.

634 596 850 633 Proximum
886 599 943 633 est
981 599 1023 634 ut
1059 597 1211 634 alterius
1249 608 1397 644 quoque
1430 597 1583 634 lacunae
1619 607 1827 633 mensuram
1854 596 1986 644 ineam,
2015 598 2114 645 quod
2141 608 2261 645 neque
2289 597 2529 634 Heumannus

447 682 566 718 neque
594 671 781 705 Beckerus
808 681 929 717 neque
956 671 1196 706 Andresenus
1221 681 1343 717 neque
1370 670 1466 706 alius
1495 671 1687 718 quisquam
1715 671 1812 706 fecit.
2145 662 2147 664 ¹

636 744 754 785 Quam
782 755 859 780 rem
893 745 1028 780 iterum
1062 755 1105 779 ac
1132 744 1280 790 saepius
1312 744 1532 780 deliberanti
1565 745 1654 779 mihi
1689 747 1726 779 et
1754 755 1849 791 quae
1876 744 2128 778 Massmannus
2154 743 2179 779 l.
2209 755 2240 779 c.
2268 755 2356 791 pgg.
2390 747 2462 780 188
2491 748 2530 779 et

451 821 522 854 192
551 818 710 863 conjecit
748 818 887 863 legenti
917 839 964 844 —
994 828 1214 864 quamquam
1252 818 1282 851 is
1309 818 1347 851 in
1376 818 1525 864 Dialogi
1559 830 1638 865 cap.
1669 821 1717 854 40
1744 818 1913 853 lacunam
1947 820 2097 852 exstare
2126 821 2238 863 negat
2269 838 2313 843 -
2343 819 2382 853 in
2410 819 2528 864 opini-

447 902 553 926 onem
591 890 692 926 venit
728 902 860 926 aversa
896 891 988 926 folia
1025 901 1093 926 sex
1132 889 1277 925 illarum
1305 890 1547 937 pagellarum,
1587 902 1681 938 quae
1716 891 1812 927 inter
1838 901 1943 938 capp.
1974 892 2021 926 35
2050 892 2089 926 et
2116 892 2165 926 36
2194 890 2426 937 exciderunt,
2455 902 2531 926 una
2596 894 2599 897 “

446 965 580 1000 amissa
632 964 748 1000 libelli
794 968 936 1012 partem
976 976 1085 1011 quam
1126 964 1377 1000 desideramus
1417 965 1658 1011 continuisse,
1698 965 2002 1012 quemadmodum
2043 965 2080 999 in
2121 964 2258 1000 codicis
2298 965 2394 1000 Med.
2434 966 2527 1012 plut.

447 1037 609 1073 LXVIII
629 1039 650 1074 2
675 1037 850 1074 fasciculo
879 1040 1009 1074 octavo
1038 1048 1120 1073 cum
1139 1037 1250 1073 tertio
1278 1037 1379 1082 folio,
1409 1036 1507 1084 quod
1526 1037 1645 1073 Taciti
1663 1038 1801 1074 Histor.
1820 1038 1840 1074 Ι
1863 1039 2015 1075 69—75
2043 1037 2215 1083 habebat,
2243 1037 2353 1074 etiam
2381 1040 2529 1074 sextum

446 1111 588 1146 Histor.
616 1111 634 1145 I
663 1114 711 1147 86
740 1122 857 1157 usque
884 1111 932 1146 ad
959 1111 997 1145 11
1026 1113 1047 1146 2
1077 1111 1269 1145 continens
1297 1111 1447 1146 interiit.
1503 1111 1612 1152 Quod
1640 1111 1671 1146 si
1699 1112 1874 1146 sumimus
1909 1111 2100 1158 septimam
2128 1111 2277 1157 Dialogi
2303 1114 2445 1158 partem
2472 1111 2530 1146 bis

447 1184 644 1229 excidisse,
683 1184 793 1219 tertia
829 1183 1023 1230 particula,
1052 1195 1161 1230 quam
1200 1195 1223 1219 a
1250 1196 1330 1230 cap.
1360 1187 1408 1220 28
1437 1184 1599 1230 incipere
1626 1183 1797 1229 vidimus,
1834 1185 2078 1231 perorationis
2105 1187 2211 1231 parte
2240 1195 2334 1230 quae
2361 1187 2529 1230 superest

446 1256 605 1292 deducta
632 1255 820 1292 dimidium
855 1256 970 1292 totius
996 1256 1112 1293 libelli
1135 1256 1248 1293 efficit
1276 1259 1388 1304 atque
1417 1268 1498 1292 cum
1526 1256 1696 1303 secunda,
1728 1268 1801 1305 qua
1823 1268 1909 1294 vere
1932 1256 2154 1294 deminutam
2177 1269 2258 1295 esse
2279 1256 2527 1304 eloquentiam

447 1330 549 1377 Apro
588 1333 818 1377 repugnante
856 1331 1102 1376 contenditur,
1139 1331 1251 1365 talem
1290 1331 1471 1365 rationem
1509 1330 1556 1365 ad
1593 1330 1747 1378 primam
1782 1330 2002 1377 particulam
2037 1331 2160 1377 habet,
2191 1331 2337 1381 qualem
2367 1333 2387 1366 3
2417 1331 2464 1366 ad
2495 1333 2528 1376 1,

450 1415 544 1450 quae
573 1407 718 1440 demum
746 1405 955 1450 argumenti
982 1405 1076 1440 ratio
1104 1409 1191 1451 apta
1218 1405 1365 1440 videtur
1395 1416 1487 1439 esse.

637 1478 809 1513 Forsitan
837 1478 1018 1526 quispiam
1040 1479 1179 1514 dixerit
1201 1478 1425 1524 exemplum,
1455 1479 1554 1524 quod
1584 1489 1604 1513 e
1626 1478 1743 1513 Taciti
1772 1477 1945 1513 Historiis
1972 1477 2222 1525 repetivimus,
2251 1490 2323 1513 non
2354 1478 2451 1514 omni
2478 1489 2528 1514 ex

448 1554 551 1598 parte
592 1551 787 1598 quadrare,
827 1551 925 1598 quod
963 1551 1026 1588 illo
1053 1551 1135 1587 loco
1162 1551 1379 1599 interrumpi
1415 1551 1528 1587 verba
1555 1551 1786 1588 manifestum
1824 1551 1882 1597 sit,
1911 1551 1948 1586 in
1975 1551 2125 1599 Dialogi
2153 1563 2233 1599 cap.
2263 1555 2311 1588 40
2341 1552 2531 1588 continens

451 1627 487 1661 et
514 1628 696 1673 perpetua
723 1626 843 1662 oratio
872 1636 952 1662 esse
979 1625 1162 1662 videatur.

637 1699 773 1734 Verum
812 1700 910 1746 apud
950 1700 1148 1746 scriptores
1186 1700 1358 1746 antiquos
1397 1702 1433 1734 et
1461 1699 1622 1734 Graecos
1660 1702 1698 1734 et
1724 1699 1909 1735 Romanos
1948 1699 2047 1735 haud
2079 1710 2218 1746 paucos
2252 1699 2354 1734 locos
2382 1701 2529 1734 exstare

448 1775 573 1808 notum
602 1776 668 1819 est,
697 1772 759 1808 ubi
787 1785 875 1808 casu
902 1772 1047 1819 accidit,
1070 1776 1111 1808 ut
1138 1773 1251 1809 verba
1278 1775 1363 1809 ante
1386 1772 1554 1808 lacunam
1589 1783 1663 1808 non
1690 1773 1809 1819 primo
1836 1776 1988 1820 aspectu
2015 1772 2247 1820 perspicuam
2275 1775 2313 1808 et
2340 1774 2423 1820 post
2450 1783 2531 1809 eam

447 1846 540 1881 satis
563 1847 762 1883 cohaerere
784 1846 878 1882 inter
900 1857 980 1883 sese
1001 1846 1225 1883 viderentur.
1270 1847 1313 1882 In
1335 1846 1446 1882 Plinii
1468 1846 1550 1883 cod.
1578 1845 1674 1882 Med.
1697 1846 1787 1894 plut.
1815 1846 1956 1883 XLVII
1979 1848 2039 1892 36,
2064 1849 2104 1883 ut
2126 1846 2334 1894 propinquo
2357 1846 2530 1894 exemplo

449 1923 608 1966 utamur,
633 1921 663 1955 si
686 1921 801 1955 verba
821 1921 906 1956 libri
928 1921 984 1955 ΠΙ
1007 1921 1184 1968 epistolae
1206 1931 1326 1956 nonae
1344 1920 1592 1967 praescripta:
1621 1919 1686 1966 „C.
1709 1920 1849 1956 Plinius
1868 1919 2040 1956 Cornelio
2058 1920 2257 1956 Miniciano
2281 1931 2347 1956 suo
2366 1920 2418 1957 s.“
2446 1923 2531 1956 ante

447 1994 615 2029 lacunam
634 1997 781 2029 servata
799 1997 934 2038 essent,
954 2005 1041 2029 num
1060 1994 1230 2040 cuiquam
1250 1994 1392 2029 auxilio
1412 1993 1493 2029 cod.
1512 1993 1717 2029 Florentini
1735 1993 1794 2029 vel
1813 1994 1892 2029 cod.
1913 1994 2133 2030 Dresdensis
2152 1994 2292 2029 carenti
2314 1994 2351 2029 in
2370 1996 2528 2029 mentem

453 2067 595 2103 veniret
617 2067 707 2102 duas
730 2067 877 2103 chartas
900 2067 1054 2103 deesse?
1103 2066 1199 2102 Aliis
1221 2067 1312 2102 locis
1335 2066 1520 2102 lacunosis
1546 2067 1708 2112 „librarii
1729 2066 1885 2114 primum
1908 2066 2165 2114 relinquebant
2194 2066 2333 2114 aliquid
2355 2067 2475 2114 spatii,
2502 2067 2531 2101 si

448 2140 543 2175 forte
562 2139 731 2175 alicunde
757 2140 920 2187 suppleri
942 2143 1093 2187 possent
1105 2151 1199 2187 quae
1212 2140 1452 2185 exciderant3
1473 2139 1619 2174 tandem
1638 2139 1701 2175 alii
1720 2139 1789 2175 hac
1809 2150 1873 2187 spe
1894 2140 2041 2187 abjecta
2060 2151 2154 2187 quae
2174 2142 2389 2188 supererant
2399 2139 2528 2175 eodem

448 2218 587 2258 tenore,
615 2213 720 2259 quasi
745 2213 836 2247 nihil
872 2213 1028 2258 deesset,
1063 2214 1350 2260 perscribebant.
1396 2212 1495 2248 Audi
1521 2215 1684 2248 veterem
1711 2212 1901 2248 librarium
1931 2213 2021 2249 haec
2049 2213 2203 2248 candide
2231 2212 2464 2248 confitentem
2490 2213 2528 2247 in

447 2287 637 2322 Plutarchi
659 2286 784 2322 codice
806 2287 926 2333 Regio
948 2286 1064 2322 Paris.
1092 2289 1187 2323 1671
1214 2287 1352 2323 saeculi
1375 2287 1481 2331 XIII,
1505 2287 1610 2333 cujus
1640 2287 1756 2322 verba
1776 2287 1901 2322 attulit
1922 2287 2142 2323 Duebnerus
2172 2287 2209 2321 in
2232 2287 2461 2333 praefatione
2484 2287 2531 2322 ad

448 2359 636 2396 Plutarchi
657 2359 828 2395 Moralia:
861 2360 910 2397 τὸ
933 2359 1087 2409 χωρίον
1109 2359 1233 2397 τοῦτο
1253 2358 1549 2411 ἀσαφέστατόν
1570 2359 1661 2398 ἐστι
1682 2358 1752 2397 διὰ
1774 2360 1822 2398 τὸ
1843 2359 2050 2408 πολλαχοῦ
2067 2358 2359 2411 διαφθαρέντα
2377 2359 2428 2398 τὰ
2450 2360 2531 2397 τῶν

448 2433 635 2470 παλαιῶν
665 2431 927 2484 ἀντιγράφων
950 2433 1005 2482 μὴ
1034 2433 1242 2471 δύνασθαι
1269 2432 1420 2480 σώζειν
1443 2432 1514 2481 τὴν
1537 2437 1748 2480 συνέχειαν
1770 2433 1846 2471 τοῦ
1868 2434 2002 2482 λόγου.
2026 2434 2095 2471 καὶ
2118 2426 2229 2471 εἶδον
2253 2431 2330 2482 ἐγὼ
2354 2433 2531 2472 παλαιὰν

448 2506 611 2553 βίβλον,
648 2505 691 2541 ἐν
728 2497 754 2553 ᾗ
793 2507 1006 2552 πολλαχοῦ
1051 2505 1325 2556 διαλείμματα
1365 2500 1411 2554 ἦν
1451 2506 1506 2552 ὡς
1545 2506 1600 2556 μὴ
1638 2507 1886 2555 δυνηθέντος
1928 2507 2003 2544 τοῦ
2040 2508 2271 2558 γράφοντος
2310 2506 2442 2558 εὑρεῖν
2480 2508 2531 2544 τὰ

448 2579 655 2626 λείποντα,
683 2577 925 2624 ἐλπίσαντος
963 2578 1102 2625 δ’ἴσως
1141 2579 1325 2628 εὑρήσειν
1364 2579 1554 2627 ἀλλαχοῦ.
1592 2579 1777 2617 ἐνταῦθα
1815 2583 1958 2628 μέντοι
1997 2580 2099 2617 κατὰ
2136 2583 2346 2624 συνέχειαν
2373 2579 2531 2631 ἐγράφη

449 2651 500 2687 τὰ
520 2649 787 2688 διαλείποντα
805 2652 866 2700 τῷ·
876 2653 1017 2700 μηκέτι
1033 2652 1205 2697 ἐλπίδας
1224 2647 1330 2690 εἶναι
1348 2653 1399 2690 τὰ
1418 2653 1609 2690 λείποντα
1629 2652 1944 2701 εὑρεθήσεσθαι.
1962 2674 2005 2679 -
2025 2673 2069 2679 —
2084 2654 2272 2688 Habemus
2290 2653 2403 2699 igitur
2421 2654 2532 2688 confi-

450 2728 588 2761 tentem
616 2737 655 2761 se
683 2737 778 2772 quae
805 2726 842 2761 in
871 2727 1023 2774 antiquo
1051 2727 1178 2763 codice
1206 2727 1349 2763 viderat
1375 2727 1516 2763 lacunis
1542 2727 1684 2762 hiantia
1710 2727 1924 2762 continuata
1951 2727 2118 2764 oratione
2145 2727 2414 2773 perscripsisse,
2445 2727 2532 2774 quia

450 2797 553 2834 nulla
580 2810 663 2846 spes
691 2802 884 2846 supererat
909 2800 988 2835 fore
1010 2803 1051 2836 ut
1078 2800 1227 2836 aliunde
1255 2799 1550 2847 supplerentur“.
1605 2799 1689 2835 vid.
1714 2799 1798 2835 Car.
1823 2800 1934 2836 Gabr.
1960 2800 2091 2836 Oobeti
2119 2803 2211 2836 orat.
2241 2799 2286 2835 de
2313 2803 2390 2836 arte
2418 2800 2530 2835 inter-

450 2872 632 2919 pretandi,
661 2884 769 2919 quam
796 2873 926 2909 habuit
952 2884 985 2908 a.
1018 2876 1116 2910 1846
1140 2874 1178 2909 in
1200 2874 1388 2910 academia
1409 2873 1762 2920 Lugduno-Batava,
1785 2884 1869 2920 pag.
1900 2876 1947 2910 66
1978 2875 2094 2921 sqq.*)

641 3018 671 3057 *)
695 3019 743 3050 Cf.
767 3020 948 3058 exemplum
972 3031 989 3050 e
1011 3022 1159 3060 Xenoph.
1183 3020 1313 3050 Hellen.
1336 3021 1385 3050 111
1408 3019 1428 3049 2
1449 3019 1488 3049 27
1512 3021 1562 3049 ed.
1586 3020 1745 3053 Dindorf.,
1769 3020 1856 3057 quod
1879 3020 2022 3050 Cobetus
2046 3021 2066 3049 l.
2091 3031 2118 3049 c.
2141 3031 2213 3059 pag.
2238 3020 2278 3050 68
2304 3020 2426 3049 attulit.
