3092 3714
386 1115 485 1183 De
525 1112 788 1197 Dialogi
831 1114 911 1181 de
958 1113 1355 1197 oratoribuS‚
1400 1113 1513 1196 qui
1540 1114 1755 1185 Taciti
1798 1134 1940 1183 esse
1988 1112 2432 1195 existimatur,

986 1242 1147 1311 locis
1191 1244 1440 1312 duobus
1482 1243 1828 1314 lacunosis.

572 1437 628 1473 De
666 1448 777 1484 opere
814 1436 984 1484 artificis,
1023 1437 1121 1484 quod
1165 1449 1238 1474 non
1273 1437 1457 1484 integrum
1495 1438 1541 1474 ad
1577 1450 1645 1474 nos
1681 1438 1868 1486 pervenit,
1908 1448 1993 1473 vere
2035 1437 2204 1484 judicare
2244 1440 2280 1473 et
2316 1440 2439 1484 partes

389 1510 538 1546 amissas
573 1513 670 1547 recte
707 1510 858 1547 reficere
895 1523 1004 1559 saepe
1042 1511 1189 1548 difficile
1227 1515 1293 1558 est,
1327 1511 1519 1559 scriptoris
1556 1512 1690 1549 librum
1728 1513 1821 1549 adeo
1859 1511 2045 1557 afflictum,
2085 1514 2126 1546 ut
2163 1511 2221 1548 vel
2259 1522 2345 1547 casu
2380 1511 2440 1547 vel

387 1583 615 1619 librariorum
642 1595 765 1619 errore
791 1595 876 1631 pars
903 1584 1140 1631 interciderit,
1169 1583 1338 1632 supplere
1373 1595 1571 1632 omnesque
1599 1596 1692 1633 quae
1729 1585 1777 1621 ad
1803 1584 1842 1620 id
1867 1584 2051 1633 pertinent
2078 1584 2309 1632 quaestiones
2340 1586 2440 1620 certa

389 1657 531 1693 ratione
557 1657 604 1693 ad
630 1658 770 1693 exitum
802 1657 983 1694 adducere
1018 1658 1131 1693 multo
1167 1658 1351 1694 difficilius
1385 1658 1531 1695 videtur
1564 1670 1655 1695 esse.
1710 1659 1793 1701 Qua
1819 1659 1857 1694 in
1892 1669 1932 1694 re
1960 1669 2042 1694 cum
2069 1657 2214 1704 saepius
2241 1657 2438 1703 dubitetur,

390 1733 562 1776 quantum
599 1733 636 1767 et
672 1731 760 1778 quid
797 1730 902 1777 desit,
940 1742 1013 1767 non
1049 1732 1158 1767 modo
1197 1732 1284 1778 quid
1322 1732 1390 1767 sibi
1428 1733 1662 1780 proposuerit
1700 1735 1840 1778 auctor,
1881 1731 1945 1768 sed
1983 1731 2093 1768 etiam
2128 1742 2215 1767 num
2248 1731 2341 1767 bene
2367 1742 2443 1767 rem

389 1803 612 1850 propositam
636 1805 860 1851 tractaverit,
886 1805 1051 1841 homines
1078 1804 1176 1841 docti
1202 1804 1298 1841 inter
1325 1816 1364 1841 se
1392 1805 1622 1842 dissentiunt.

575 1877 631 1914 Ac
657 1889 745 1914 vera
772 1889 852 1914 esse
880 1889 973 1925 quae
1000 1877 1158 1914 diximus
1186 1889 1268 1914 cum
1294 1889 1342 1914 ex
1368 1878 1450 1914 aliis
1476 1879 1669 1927 exemplis,
1696 1881 1774 1915 tum
1800 1890 1821 1915 e
1847 1878 2005 1925 Dialogo
2032 1877 2078 1914 de
2105 1877 2311 1914 oratoribus
2337 1876 2442 1913 intel·

390 1948 526 1998 ligitur,
549 1962 656 1999 quem
676 1962 806 1989 revera
826 1963 849 1988 a
871 1951 1042 1989 Cornelio
1060 1951 1199 1999 Tacito,
1221 1951 1419 1989 Annalium
1441 1954 1478 1989 et
1500 1952 1745 1990 Historiarum
1767 1954 1927 1999 auctore,
1951 1951 2144 1989 oriundum
2162 1963 2242 1989 esse
2259 1951 2440 1988 Jansenus

391 2023 536 2060 tandem
563 2024 818 2063 dissertatione
846 2037 912 2062 sua
939 2026 984 2063 de
1010 2026 1138 2062 Tacito
1164 2026 1313 2074 Dialogi
1340 2028 1490 2063 auctore
1519 2027 1730 2075 Groningae
1765 2038 1799 2063 a.
1831 2029 1928 2064 1878
1958 2025 2057 2062 edita
2082 2025 2128 2061 ad
2154 2024 2444 2073 persuadendum

392 2098 661 2135 accommodate
682 2101 830 2146 putatur
851 2098 1127 2136 demonstrasse.
1151 2099 1223 2136 Sed
1245 2099 1335 2135 alias
1359 2100 1592 2147 quaestiones
1614 2099 1661 2136 ad
1682 2111 1806 2137 veram
1831 2099 1992 2146 „aureoli
2013 2098 2110 2134 illius
2130 2097 2267 2134 libelli“
2292 2098 2444 2134 formam

393 2172 430 2205 et
450 2171 607 2216 speciem
627 2172 852 2219 pertinentes
874 2175 1013 2209 restare
1031 2173 1111 2219 jam
1132 2183 1242 2220 supra
1264 2172 1559 2220 significavimus,
1584 2184 1678 2220 quae
1699 2184 1772 2209 non
1793 2173 1911 2208 minus
1933 2171 2100 2207 difficiles
2122 2174 2206 2206 sunt
2228 2170 2443 2217 dijudicata.

394 2241 516 2284 Quare
537 2247 578 2280 ut
600 2256 647 2281 ex
669 2256 788 2292 aequo
810 2257 855 2281 ea
876 2245 1128 2282 examinentur
1144 2248 1242 2293 peto,
1263 2257 1356 2293 quae
1376 2246 1421 2282 de
1440 2246 1582 2282 duobus
1603 2246 1702 2282 illius
1719 2246 1834 2282 libelli
1855 2245 1945 2281 locis
1964 2245 2163 2292 scripturus
2180 2255 2271 2291 sum,
2292 2254 2447 2291 qnorum

394 2315 508 2352 altero
536 2317 589 2362 (in
616 2329 695 2365 cap.
720 2319 783 2363 35)
810 2319 923 2354 libros
949 2329 1058 2354 manu
1086 2319 1240 2365 scriptos
1266 2330 1341 2355 non
1368 2319 1531 2365 integros
1559 2330 1640 2355 esse
1669 2321 1823 2364 constat,
1858 2318 1972 2354 altero
2000 2318 2052 2362 (in
2080 2329 2160 2364 cap.
2190 2317 2253 2362 40)
2279 2317 2449 2352 lacunam

394 2388 439 2424 ab
466 2388 682 2427 Heumanno
708 2394 902 2439 repertam,
931 2392 993 2439 qui
1019 2403 1049 2427 a.
1084 2394 1180 2428 1719
1205 2391 1403 2438 Gottingae
1425 2391 1621 2439 Dialogum
1649 2391 1774 2438 edidit,
1804 2391 1949 2438 plurimi
1977 2390 2159 2427 editorum
2185 2401 2302 2437 usqne
2329 2389 2451 2426 adhuc

396 2463 543 2498 exstare
569 2467 807 2511 negaverunt.

582 2536 745 2579 Quorum
788 2538 951 2574 locorum
996 2549 1083 2574 vera
1135 2537 1294 2585 cognitio
1339 2537 1462 2585 magni
1505 2538 1680 2575 momenti
1718 2540 1773 2575 est
1810 2537 1857 2573 ad
1895 2537 2195 2584 compositionem
2232 2536 2316 2572 libri
2354 2538 2454 2572 recte

394 2607 676 2658 percipiendam,
700 2623 808 2659 quam
829 2623 903 2648 non
925 2623 1050 2648 omnes
1072 2611 1230 2648 editores
1252 2613 1289 2648 et
1310 2610 1528 2659 interpretes
1557 2611 1647 2648 mihi
1668 2610 1839 2647 videntur
1859 2610 1949 2647 satis
1971 2609 2218 2659 perspexisse,
2236 2609 2454 2646 Waltherus

398 2681 540 2718 Gilbert
565 2694 682 2731 nuper
708 2685 902 2722 admodum
928 2696 1100 2733 perverse
1127 2685 1365 2721 intellexisse.
1401 2684 1485 2720 Vid.
1512 2684 1741 2721 Fleckeiseni
1767 2682 1863 2721 Nov.
1892 2683 2010 2724 annal.
2038 2684 2110 2720 vol.
2143 2687 2214 2721 133
2242 2694 2352 2731 pagg.
2381 2684 2455 2719 203

397 2763 512 2800 usque
540 2756 587 2792 ad
615 2759 701 2794 212.
755 2758 885 2806 Itaque
912 2769 985 2794 non
1011 2758 1140 2794 inutile
1168 2769 1248 2794 esse
1270 2757 1466 2793 arbitratus
1495 2769 1586 2804 sum,
1616 2757 1703 2804 quid
1723 2756 1887 2793 homines
1916 2756 2027 2803 docti,
2057 2767 2149 2804 quos
2177 2767 2243 2793 suo
2273 2766 2454 2803 quemque

396 2825 477 2863 loeo
504 2829 711 2877 nominabo,
750 2832 795 2868 de
830 2832 920 2868 locis
946 2831 1017 2867 illis
1045 2831 1255 2867 difficilibus
1292 2831 1473 2867 senserint
1500 2831 1709 2867 examinare
1737 2841 1854 2877 eoque
1883 2831 1930 2867 ad
1956 2830 2091 2867 librum
2119 2829 2222 2866 illum
2251 2828 2457 2865 accuratius

396 2898 672 2946 intelligendum
698 2915 765 2950 pro
790 2916 873 2940 mea
898 2905 1073 2940 facultate
1101 2905 1239 2952 aliquid
1266 2905 1443 2941 conferre.
1499 2903 1582 2946 Qua
1607 2904 1646 2939 in
1672 2915 1713 2941 re
1740 2906 1778 2940 et
1805 2903 1894 2951 quid
1920 2904 1994 2940 illis
2017 2903 2171 2940 debeam
2198 2905 2235 2938 et
2263 2901 2351 2949 quid
2377 2901 2457 2948 ipse

398 2972 608 3020 invenerim,
635 2975 800 3023 legentes
828 2978 936 3014 facile
964 2979 1184 3014 discernent.

585 3048 657 3084 Sed
702 3053 898 3098 antequam
942 3052 989 3087 ad
1035 3063 1110 3087 rem
1155 3052 1380 3099 propositam
1425 3051 1609 3097 accedam,
1648 3062 1695 3087 ne
1732 3051 1848 3087 oratio
1896 3051 2195 3097 interrumpatur,
2233 3049 2353 3084 facere
2389 3057 2462 3082 non

398 3130 545 3166 possum
572 3121 659 3167 quin
687 3121 732 3158 de
760 3124 912 3161 consilio
941 3124 1058 3171 deque
1085 3125 1324 3173 dispositione
1351 3124 1500 3171 Dialogi
1526 3135 1644 3171 pauca
1673 3124 1786 3160 verba
1813 3123 1955 3166 faciam.

2227 3191 2267 3222 1*
