2957 3592
473 272 534 314 20

472 395 661 443 praesenti
698 397 822 431 aetate
858 395 1037 443 tanquam
1075 393 1312 440 superstitem
1350 393 1407 428 sui
1457 392 1710 443 eloquentiam
1756 392 1793 428 in
1837 392 2070 440 peroratione
2107 391 2226 438 dicat,
2265 403 2348 428 cum
2384 393 2430 430 ab
2475 396 2556 434 aliis

474 468 686 506 hominibus
721 467 851 511 doctis,
880 469 958 502 tum
993 476 1018 502 a
1044 465 1179 503 carolo
1206 465 1341 502 Meiser
1367 466 1391 502 l.
1421 477 1452 502 c.
1481 477 1571 513 pgg.
1600 468 1753 503 54-56
1781 465 1828 501 ad
1863 465 2158 513 persuadendum
2183 468 2258 502 tam
2284 467 2558 507 accommodate

475 542 764 578 demonstratum
793 542 861 585 est,
890 541 931 575 ut
958 539 1182 576 mentionem
1209 538 1263 574 rei
1291 538 1425 574 fecisse
1453 538 1544 574 satis
1571 538 1737 574 habeam.

661 615 744 649 Jam
781 616 984 663 antequam
1017 613 1128 649 finem
1166 613 1407 659 disputationi
1445 613 1686 659 imponamus,
1724 613 1852 659 paucis
1891 623 2122 648 commonere
2159 612 2295 658 licebit,
2335 612 2471 662 quibus
2509 613 2554 649 de

471 689 582 724 rebus
608 687 722 723 verba
749 687 958 722 fecerimus.
1013 687 1069 722 Ac
1095 687 1253 733 primum
1281 685 1431 736 quidem
1467 685 1622 722 consilio
1649 689 1686 721 et
1714 685 1953 733 dispositione
1979 686 2128 738 Dialogi
2163 686 2326 722 breviter
2350 685 2554 732 perstrictis

470 773 543 797 non
582 771 701 808 pauca
736 760 871 796 tertiae
908 760 1026 796 libelli
1063 759 1159 807 parti
1195 759 1326 796 deesse
1360 759 1697 806 comprobavimus,
1736 759 1869 796 deinde
1908 762 2089 810 quantum
2131 759 2312 795 exciderit
2347 758 2555 795 accuratius

468 834 617 869 efficere
645 833 864 877 studuimus,
894 836 972 866 tum
1000 832 1159 878 partium
1186 833 1404 866 amissarum
1431 832 1627 877 imaginem
1655 834 1692 866 et
1714 832 1883 866 Broterio
1911 835 2061 867 auctore
2089 835 2177 866 ante
2198 832 2325 867 oculos
2347 831 2550 877 legentium

472 906 716 953 exposuimus
744 909 781 941 et
807 908 935 941 nostro
963 905 1033 952 ipsi
1060 905 1216 940 consilio
1243 905 1300 939 usi
1330 906 1457 952 primis
1484 906 1590 941 lineis
1617 905 1888 952 descripsimus.

660 980 765 1022 Quae
804 979 927 1016 omnia
963 981 1065 1014 certa
1102 979 1245 1014 ratione
1284 979 1526 1025 expedituros
1563 991 1631 1015 nos
1669 991 1750 1015 esse
1787 991 1910 1028 neque
1957 978 2139 1014 scribendi
2184 978 2329 1014 initium
2374 978 2552 1014 facientes

469 1053 697 1100 speravimus
733 1064 858 1102 neque
896 1064 993 1088 nunc
1031 1051 1208 1098 opusculo
1247 1051 1295 1087 ad
1333 1051 1443 1088 finem
1481 1038 1660 1099 perducto
1696 1052 1926 1099 expedivisse
1964 1052 2167 1099 opinamur.
2226 1052 2321 1088 Nam
2348 1051 2552 1087 rectissime

469 1126 511 1163 O.
541 1126 587 1162 G.
617 1125 781 1162 Cobetus
808 1125 897 1161 Var.
924 1124 1009 1161 lect.
1047 1124 1135 1160 edit.
1163 1124 1212 1159 Π.
1240 1135 1273 1159 a.
1308 1126 1406 1160 1873
1435 1125 1551 1171 praes.
1590 1135 1676 1172 pag.
1705 1125 1871 1161 XXXIH
1905 1124 2011 1160 nobis
2048 1124 2194 1161 videtur
2220 1124 2313 1160 haec
2338 1124 2548 1172 scripsisse:

472 1200 613 1245 „Multo
641 1199 752 1235 etiam
778 1199 864 1246 plus
885 1198 1010 1234 damni
1033 1209 1145 1247 quam
1174 1197 1321 1234 inficeta
1342 1197 1573 1243 emblemata,
1603 1209 1701 1248 quae
1723 1198 1836 1234 semel
1863 1198 2045 1246 deprensa
2065 1198 2187 1234 statim
2209 1209 2344 1234 nocere
2365 1198 2549 1241 desinunt,

466 1273 707 1323 antiquorum
736 1273 886 1319 seriptis
913 1272 1067 1308 lacunae
1094 1274 1240 1307 veteres
1268 1271 1485 1317 attulerunt,
1514 1282 1608 1321 quas
1643 1271 1935 1308 animadvertere
1962 1283 2074 1319 saepe
2100 1271 2208 1308 facile
2234 1274 2304 1317 est,
2331 1271 2484 1318 explere
2513 1274 2549 1306 et

465 1347 603 1383 amissa
641 1346 861 1393 excogitare
898 1357 973 1382 non
998 1345 1070 1381 nisi
1108 1356 1260 1392 perraro
1297 1344 1426 1393 paucis
1465 1343 1681 1391 contingit“.
1723 1364 1766 1370 -
1805 1344 2132 1393 Venmenimvero
2167 1344 2259 1381 locis
2295 1344 2368 1381 illis
2405 1343 2548 1381 duobus

465 1420 653 1456 lacunosis
680 1419 830 1466 Dialogi
857 1418 1067 1455 accuratius
1093 1418 1315 1454 examinatis
1342 1418 1442 1453 haud
1470 1417 1547 1453 scio
1574 1428 1621 1453 an
1648 1417 1700 1453 ita
1722 1417 1938 1453 contulerim
1966 1417 2109 1469 aliquid
2135 1417 2183 1454 ad
2213 1417 2424 1464 „aureolum
2450 1418 2547 1453 hunc

465 1493 653 1530 libellum“
694 1492 825 1529 melius
864 1491 1142 1539 intelligendum
1189 1494 1227 1527 et
1273 1491 1390 1538 pluris
1427 1491 1711 1537 aestimandum,
1750 1494 1791 1527 ut
1827 1491 1909 1538 alii,
1949 1492 2014 1541 qui
2053 1494 2091 1527 et
2129 1491 2296 1528 doctrina
2333 1494 2371 1527 et
2408 1491 2547 1538 ingenii

464 1567 634 1603 acumine
660 1577 718 1603 me
745 1565 984 1613 praecedant,
1011 1565 1059 1601 ad
1087 1565 1210 1601 studia
1235 1565 1408 1602 uberiora
1434 1565 1645 1601 incitentur.

656 1640 729 1681 Qui
768 1642 892 1675 autem
919 1650 1063 1674 mecum
1098 1640 1233 1675 sentiet
1269 1639 1389 1685 magis
1426 1638 1595 1673 mutilum
1632 1641 1880 1688 truncumque
1917 1650 1998 1674 esse
2024 1638 2224 1685 Diabgum
2253 1639 2298 1675 de
2326 1638 2546 1682 oratoribus,

467 1724 579 1762 quam
619 1723 745 1747 omnes
785 1712 887 1761 quod
933 1712 1048 1746 sciam
1093 1712 1314 1757 interpretes
1352 1711 1473 1745 adhuc
1519 1710 1731 1756 opinentur,
1769 1711 1804 1746 ei
1840 1711 2000 1757 partium
2037 1714 2263 1746 servatarum
2300 1711 2393 1746 ratio
2431 1713 2546 1759 atque

464 1786 629 1822 auctoris
656 1786 847 1832 ingenium
875 1785 1109 1834 facultasque
1136 1787 1173 1819 et
1195 1784 1414 1830 disponendi
1442 1787 1479 1819 et
1505 1783 1687 1819 formandi
1714 1783 1823 1818 laude
1849 1785 1989 1829 majore
2017 1783 2129 1830 digna
2154 1796 2237 1820 esse
2260 1784 2492 1819 videbuntur.

1914 1933 2198 1974 vilhelmus
2227 1931 2417 1974 Habbe.
