3039 3638
2298 295 2323 335 5

278 424 437 461 omnium
472 422 661 457 literarum
697 423 775 456 tum
812 420 1043 467 eloquentiae
1078 420 1308 467 peritissimis
1342 421 1482 467 habito,
1521 430 1612 468 quos
1646 420 1745 456 illam
1780 419 2030 467 quaestionem
2062 421 2326 467 pertractantes

275 497 459 534 audivisse
497 505 536 530 se
573 496 702 530 auctor
738 493 838 530 dicit.
902 494 1059 530 Nomina
1103 504 1229 531 eorum
1266 497 1370 531 sunt:
1411 493 1596 531 Curiatius
1634 493 1831 540 Maternus,
1871 493 2018 530 Marcus
2053 493 2167 541 Aper,
2206 491 2327 529 Julius

275 568 474 614 Secundus,
500 567 700 615 Vipstanus
724 566 904 603 Messalla.
960 567 1031 610 Qui
1064 578 1144 603 cum
1178 567 1346 614 ingeniis,
1382 566 1675 615 cogitationibus,
1706 567 1856 613 judiciis
1891 565 2085 603 dissimiles
2120 566 2205 612 siat,
2233 565 2326 601 mira

275 642 452 690 quaedam
490 641 649 675 varietas
687 640 862 675 orationis
900 643 1009 686 atque
1047 640 1182 676 veritas
1220 641 1395 677 existunt.

458 714 514 748 Ac
530 713 686 760 primum
705 713 851 760 quidem
869 714 1067 759 Maternus,
1088 714 1194 760 cujus
1211 714 1249 748 in
1269 714 1413 749 domum
1435 714 1548 749 ceteri
1570 713 1802 758 conveniunt,
1823 712 1941 748 causis
1959 713 2165 748 forensibus
2183 712 2326 748 omissis

272 788 310 823 in
336 786 464 834 poesin
492 797 597 823 omne
623 788 767 834 tempus
795 789 963 822 narratur
989 786 1198 823 contulisse.
1253 786 1370 829 Quem
1397 797 1479 823 cum
1504 787 1605 833 Aper
1639 786 1687 821 ad
1712 785 1782 821 fori
1817 785 1965 832 negotia
1990 796 2163 822 revocare
2191 785 2325 831 studet,

274 860 391 908 prima
415 859 563 907 Dialogi
588 862 703 907 parte,
732 871 825 907 quae
859 871 975 907 usque
1011 859 1057 895 ad
1084 870 1162 908 cap.
1203 862 1247 897 13
1275 860 1443 907 pertinet,
1475 859 1690 907 disceptatio
1713 859 1840 905 oritur,
1870 861 1989 894 utrum
2019 858 2250 906 eloquentiae
2277 868 2325 894 an

271 933 392 980 poesis
415 933 574 968 studium
594 933 709 982 pluris
730 933 995 969 aestimandum
1022 934 1080 969 sit.
1134 934 1270 969 Verum
1297 934 1359 970 ille
1386 944 1468 969 cum
1494 934 1584 968 artis
1610 932 1754 968 dicendi
1782 932 1975 968 utilitatem
2002 934 2096 979 (cap.
2120 934 2170 978 5),
2197 933 2325 980 volup-

270 1009 382 1041 tatem
408 1008 502 1053 (cap.
531 1007 581 1052 6),
609 1007 823 1053 dignitatem
851 1009 946 1053 (cap.
970 1008 1018 1052 7),
1046 1007 1215 1042 laudibus
1241 1007 1359 1050 effert,
1386 1018 1460 1042 non
1486 1006 1693 1041 universam
1719 1005 1965 1052 eloquentiam
1991 1005 2127 1050 laudat,
2150 1006 2215 1041 sed
2241 1016 2324 1041 em

274 1079 542 1125 tantummodo,
572 1080 634 1126 qui
660 1079 731 1115 illis
757 1080 980 1127 temporibus
1014 1080 1143 1126 viguit,
1178 1091 1284 1115 usum
1310 1080 1501 1115 forensem.
1554 1080 1676 1125 Atque
1703 1079 1806 1125 Eprii
1832 1078 1993 1115 Marcelli
2019 1081 2056 1114 et
2081 1078 2181 1114 Vibii
2207 1078 2327 1125 Crispi

274 1151 465 1199 exemplis,
502 1162 655 1199 quorum
688 1154 819 1188 neuter
851 1151 1033 1199 probitate
1068 1152 1286 1198 excellebat,
1322 1152 1538 1189 sententiam
1566 1163 1667 1187 suam
1695 1150 1910 1187 confirmans
1945 1153 2069 1198 aperte
2104 1150 2326 1187 demonstrat

271 1225 369 1260 illius
406 1225 581 1272 temporis
619 1225 864 1271 eloquentiam
900 1226 1089 1271 pristinam
1126 1225 1351 1271 dignitatem
1374 1226 1567 1260 amisissse.
1648 1225 1752 1260 Hanc
1789 1225 1901 1270 igitur
1938 1224 2183 1271 eloquentiam
2219 1225 2323 1260 malis

268 1296 429 1332 moribus
464 1300 586 1332 natam
620 1297 808 1332 Maternus
843 1296 1012 1333 deserens
1047 1297 1093 1334 ad
1118 1297 1270 1333 liberam
1316 1297 1427 1333 animi
1466 1296 1747 1332 oblectationem
1783 1296 1912 1344 poesin
1949 1296 2142 1344 amplexus
2178 1299 2245 1343 est,
2282 1299 2325 1332 ut

269 1370 470 1417 tragoediis
504 1369 678 1406 faciendis
705 1369 859 1416 gloriam
886 1373 1124 1418 compararet,
1153 1382 1225 1417 qua
1255 1371 1429 1418 temporis
1454 1370 1552 1406 illius
1579 1370 1788 1416 eloquentia
1814 1369 1990 1405 destituta
2015 1369 2218 1406 videbatur.

455 1442 599 1480 Deinde
620 1443 791 1479 Messalla
811 1444 968 1480 sermoni
989 1444 1233 1480 interveniens
1255 1444 1391 1480 amicos
1414 1444 1640 1489 adhortatur,
1659 1445 1701 1478 ut
1718 1453 1846 1479 causas
1864 1443 2075 1479 imminutae
2094 1442 2323 1490 eloquentiae

270 1516 513 1564 explicarent.
567 1498 651 1568 'Sed'
666 1517 751 1564 quia
778 1517 973 1553 descivisse
1000 1528 1081 1553 eam
1107 1528 1130 1553 a
1155 1520 1279 1553 vetere
1305 1517 1425 1565 gloria
1449 1518 1550 1564 Aper
1582 1517 1728 1553 omnino
1755 1519 1878 1564 negat,
1905 1517 2023 1553 altera
2048 1516 2195 1564 Dialogi
2221 1520 2323 1563 parte

268 1590 353 1627 inde
379 1602 403 1627 a
428 1602 508 1639 cap.
539 1593 583 1627 16
622 1602 738 1638 usque
777 1590 824 1626 ad
850 1602 930 1638 cap.
970 1593 1017 1627 27
1057 1590 1101 1627 de
1129 1602 1173 1627 ea
1211 1591 1423 1638 quaestione
1461 1590 1678 1638 disputatur,
1715 1593 1836 1626 utrum
1862 1590 2003 1638 antiqui
2030 1592 2194 1627 oratores
2219 1601 2323 1638 prae·

269 1664 464 1700 stantiores
504 1665 576 1699 sint
612 1675 659 1699 an
695 1664 929 1700 recentiores.
982 1665 1083 1711 Aper
1118 1675 1190 1699 non
1229 1664 1389 1700 deterius
1426 1664 1548 1699 statim
1585 1675 1665 1699 esse
1703 1664 1800 1710 quod
1838 1663 2023 1699 diversum
2060 1664 2109 1699 sit
2135 1664 2323 1699 existimat

269 1748 388 1784 neque
425 1737 639 1774 recentioris
676 1737 851 1784 temporis
887 1748 1004 1784 genus
1030 1737 1186 1783 dicendi,
1226 1737 1312 1784 quia
1349 1737 1395 1772 ab
1422 1737 1641 1783 antiquitate
1679 1733 1801 1783 distet,
1839 1737 2145 1773 contemnendum
2179 1748 2259 1773 esse
2286 1740 2323 1773 et

272 1809 527 1846 damnandum.
582 1810 730 1846 Variam
757 1821 836 1846 esse
863 1809 1108 1857 eloquentiam
1143 1810 1242 1856 dicit,
1269 1810 1515 1846 voluntatibus
1542 1821 1668 1846 eorum
1695 1811 1758 1857 qui
1784 1810 1933 1846 audiant
1965 1810 2320 1857 accommodandam,

272 1894 383 1929 quare
401 1883 590 1920 voluntate
608 1886 646 1921 et
660 1883 799 1931 judicio
822 1883 868 1920 ab
891 1884 1050 1931 antiquis
1070 1883 1265 1920 recessisse
1283 1894 1363 1920 eam
1380 1885 1497 1931 putat.
1538 1883 1641 1926 Quae
1659 1887 1873 1930 argumenta
1889 1883 1936 1919 ad
1959 1882 2088 1920 laudes
2108 1883 2322 1931 posterioris

272 1957 403 1992 aetatis
442 1956 652 1994 efficiendas
689 1968 762 1993 non
807 1956 889 2004 plus
933 1956 1054 1993 valere
1092 1956 1200 1993 facile
1244 1956 1460 2004 intelligitur
1498 1967 1609 2007 quam
1647 1955 1747 2007 quod
1783 1955 1884 1992 initio
1929 1955 2186 2004 disputationis
2221 1956 2322 2005 Aper

270 2029 402 2076 attulit,
427 2030 491 2067 ubi
512 2030 710 2067 artificiosa
730 2041 908 2067 annorum
931 2029 1200 2078 computatione
1221 2030 1451 2081 antiquitatis
1478 2029 1653 2066 terminos
1679 2040 1797 2080 usque
1824 2030 1871 2066 ad
1898 2040 1964 2066 sua
1990 2032 2157 2078 tempora
2182 2029 2321 2066 studuit

269 2103 494 2149 protrahere,
523 2104 630 2153 quasi
664 2107 802 2139 mutato
830 2103 975 2139 nomine
1009 2103 1179 2150 propriae
1215 2104 1452 2152 antiquorum
1477 2103 1632 2138 virtutes
1666 2104 1704 2137 in
1730 2106 1957 2149 praesentem
1985 2114 2137 2153 quoque
2163 2106 2319 2139 aetatem

269 2176 458 2212 transferri
494 2180 654 2224 possent.
710 2176 790 2213 Hae
828 2179 1124 2223 argumentorum
1161 2174 1327 2212 fallaciae
1371 2176 1533 2212 breviter
1569 2176 1607 2212 in
1643 2188 1722 2223 cap.
1762 2178 1809 2212 25
1849 2188 1872 2212 a
1907 2174 2078 2212 Messalla
2114 2176 2320 2212 refutantur

268 2247 422 2297 reliquis
449 2249 540 2295 Apri
576 2249 799 2296 argumentis
837 2248 980 2285 silentio
1017 2248 1293 2295 praetermissis,
1334 2250 1441 2298 quasi
1477 2260 1578 2286 more
1614 2249 1912 2296 philosophorum
1949 2248 2010 2285 ille
2047 2249 2319 2286 contradicendi

268 2323 391 2367 partes
436 2322 504 2358 sibi
541 2334 686 2360 sumens
724 2322 896 2372 antiquos
940 2334 1006 2370 per
1044 2321 1202 2370 speciem
1237 2322 1437 2359 vexaverit.
1500 2322 1633 2373 Itaque
1679 2322 1851 2373 quoniam
1888 2321 2120 2373 antiquitatis
2156 2321 2320 2360 defensio

270 2395 400 2433 ceteris
436 2406 707 2444 supervacanea
742 2395 896 2443 videtur,
936 2395 1104 2447 quaestio
1140 2394 1202 2432 illa
1238 2395 1284 2433 de
1322 2396 1442 2433 causis
1478 2396 1688 2433 imminutae
1726 2398 1763 2432 et
1799 2396 1936 2432 fractae
1972 2396 2206 2447 eloquentiae
2241 2398 2320 2445 jam

269 2471 379 2504 antea
404 2472 504 2506 mota
530 2469 650 2506 denuo
676 2470 904 2519 proponitur.

454 2543 511 2579 De
537 2544 605 2579 hac
632 2544 745 2590 igitur
773 2543 987 2593 quaestione
1022 2543 1131 2579 tertia
1166 2543 1325 2594 denique
1359 2544 1474 2579 libelli
1499 2546 1603 2591 parte
1629 2543 1750 2590 agitur
1777 2542 1861 2578 inde
1888 2554 1911 2577 a
1938 2554 2018 2590 cap.
2048 2546 2097 2579 28
2125 2555 2246 2594 usque
2273 2545 2320 2580 ad

270 2626 350 2662 cap.
380 2617 428 2652 40
455 2615 535 2652 init.
588 2616 646 2652 Ac
670 2617 827 2663 primum
856 2616 1004 2667 quidem
1031 2628 1161 2652 causae
1187 2617 1352 2653 internae
1381 2637 1430 2643 —
1456 2620 1497 2653 ut
1523 2617 1575 2652 ita
1609 2616 1725 2652 dicam
1753 2636 1801 2642 -
1828 2615 1926 2651 illius
1953 2615 2195 2663 differentiae,
2225 2628 2321 2667 quae

268 2686 363 2724 inter
389 2689 623 2739 antiquorum
651 2693 688 2726 et
714 2690 954 2727 recentiorum
990 2689 1238 2740 eloquentiam
1270 2690 1485 2737 intercedat,
1522 2693 1767 2738 exponuntur,
1806 2702 1899 2740 quas
1925 2690 2099 2727 Messalla
2123 2691 2254 2727 horum
2282 2691 2320 2727 in

272 2756 411 2798 desidia
437 2762 475 2797 et
499 2760 692 2799 inscientia
718 2773 797 2799 esse
823 2761 961 2809 positas
989 2762 1160 2798 ostendit.
1213 2762 1336 2810 Hujus
1363 2773 1450 2800 vero
1477 2762 1636 2800 desidiae
1663 2773 1792 2799 causas
1819 2762 1928 2799 affert
1962 2762 2072 2800 duas:
2109 2766 2147 2800 et
2171 2774 2321 2811 pravam

269 2831 494 2870 educationis
520 2834 739 2872 domesticae
766 2835 945 2871 rationem
980 2837 1016 2871 et
1041 2835 1307 2872 institutionem
1341 2837 1537 2872 oratoriam
1566 2836 1753 2872 rhetorum
1787 2837 1923 2873 scholis
1959 2837 2224 2883 demandatam,
2262 2837 2320 2873 cui

270 2908 456 2942 oratorum
481 2911 644 2945 veterum
671 2909 792 2946 studia
812 2909 989 2945 acerrima
1014 2911 1052 2945 et
1074 2920 1171 2958 quae
1196 2910 1297 2946 nullo
1323 2910 1447 2946 labore
1470 2909 1669 2956 defatigata
1695 2910 1954 2958 sint-opponit.
2006 2910 2100 2947 Nam
2127 2923 2209 2947 cum
2236 2923 2319 2948 eum

270 2978 385 3014 solum
412 2983 593 3016 oratorem
619 2994 699 3018 esse
722 2982 874 3029 Judicet,
906 2982 972 3032 qui
998 2982 1043 3018 de
1072 2982 1236 3032 qualibet
1263 2983 1479 3033 quaestione
1505 2986 1543 3019 et
1563 2983 1715 3030 pulchre
1742 2987 1779 3020 et
1806 2987 1934 3020 ornate
1961 2987 1998 3020 et
2025 2984 2072 3019 ad
2098 2985 2318 3031 persuaden-

269 3049 354 3087 dum
398 3055 484 3101 apte
529 3054 650 3093 dicere
686 3056 815 3104 possit,
854 3055 1110 3104 amplissimam
1147 3056 1388 3094 eruditionem
1425 3056 1598 3104 postulat,
1635 3057 1810 3095 historiae
1847 3058 2037 3104 notitiam,
2071 3057 2167 3105 juris
2202 3060 2317 3109 atque
