2862 3662
493 274 519 314 6

490 397 745 445 philosophiae
772 396 973 443 scientiam,
1000 399 1155 434 naturae
1182 397 1364 434 humanae
1386 397 1643 446 cognitionem.
1695 396 1867 434 Monente
1894 396 2025 433 deinde
2046 397 2211 433 Materno
2233 407 2305 432 non
2329 396 2446 434 solum
2472 402 2551 437 arte

493 474 531 508 et
572 471 739 517 scientia,
775 470 840 506 sed
874 470 1049 507 facultate
1083 472 1193 508 etiam
1230 475 1267 507 et
1293 483 1362 507 usu
1401 473 1578 508 contineri
1615 471 1863 521 eloquentiam
1900 471 1996 507 idem
2021 470 2191 506 Messalla
2227 470 2264 505 in
2302 481 2383 517 cap.
2419 473 2467 507 33
2505 472 2551 508 ad

492 544 776 582 exercitationes
820 545 952 581 transit
998 547 1186 582 oratorum
1230 546 1478 597 antiquorum.
1548 544 1658 594 Apud
1702 546 1861 592 majores
1908 544 1997 581 dicit
2031 545 2204 592 juvenem
2242 543 2442 581 domestica
2473 545 2551 592 jam

492 619 682 667 disciplina
718 618 811 655 bene
847 622 1107 667 praeparatum
1144 619 1191 656 ad
1228 620 1472 657 excellentem
1509 620 1670 670 aliquem
1708 621 1890 655 oratorem
1917 618 2112 655 deductum
2147 629 2240 665 csse,
2268 619 2374 665 cujus
2400 620 2439 655 et
2466 629 2550 655 con-

493 692 684 730 suetudine
720 694 758 728 et
795 692 965 729 doctrina
999 695 1098 729 artes
1136 693 1270 729 oratori
1307 693 1531 730 necessarias
1568 693 1724 730 disceret
1761 694 1798 728 et
1824 691 1871 728 ad
1897 703 2020 729 veram
2056 692 2264 740 perveniret
2290 691 2551 742 eloquentiam.

493 765 683 803 Praesenti
709 768 832 802 autem
854 768 1020 814 tempore
1047 767 1084 802 in
1112 777 1239 803 scenas
1266 767 1578 814 scholasticorum,
1608 767 1673 817 qui
1700 767 1864 802 rhetores
1885 769 2073 812 vocentur,
2097 765 2390 802 adulescentulos
2416 764 2552 801 inscios

492 842 530 876 et
555 839 772 875 educatione
800 838 1020 886 depravatos
1047 839 1214 886 transire,
1242 839 1305 875 ubi
1331 842 1366 876 et
1392 840 1495 876 locus
1521 841 1600 888 ipse
1627 843 1665 877 et
1699 838 1938 886 condiscipuli
1965 841 2003 875 et
2039 838 2322 875 declamationes
2348 849 2372 874 a
2398 838 2552 875 veritate

490 912 728 948 abhorrentes
754 911 955 959 plurimum
982 912 1104 948 damni
1130 912 1288 959 ingeniis
1316 912 1484 949 afferant.
1508 932 1552 938 -
1576 912 1678 948 Finis
1706 912 1880 949 orationis
1907 922 1930 947 a
1955 911 2127 948 Messalla
2152 911 2300 948 habitae
2326 911 2364 946 in
2392 922 2472 959 cap.
2502 912 2550 948 35

493 986 659 1023 codicum
687 986 844 1032 defectu,
875 997 986 1037 quem
1013 987 1091 1033 ,iam
1125 986 1230 1023 initio
1258 986 1631 1034 commemoravimus,
1669 986 1818 1023 interiit.
1871 986 2112 1023 Proferuntur
2139 985 2270 1022 deinde
2298 985 2392 1022 aliae
2420 995 2552 1021 causae

492 1071 635 1111 eaeque
662 1071 686 1096 a
712 1062 854 1095 mutata
880 1059 934 1095 rei
960 1059 1127 1107 publicae
1156 1060 1273 1095 forma
1299 1060 1489 1107 repetitae,
1527 1059 1663 1110 quibus
1698 1059 1866 1097 effectum
1892 1060 1949 1106 sit,
1982 1062 2022 1096 ut
2059 1059 2220 1095 deterior
2246 1058 2343 1106 apud
2369 1058 2552 1094 Romanos

492 1132 707 1183 eloquentia
732 1132 847 1168 fieret.
902 1132 956 1167 Ac
982 1132 1138 1179 primum
1164 1132 1371 1169 uberiorem
1398 1132 1543 1169 dicendi
1569 1133 1758 1169 materiam
1792 1132 1903 1169 fuisse
1930 1132 2093 1183 antiquis
2121 1132 2326 1169 oratoribus
2353 1130 2554 1180 exponitur

492 1207 591 1254 (cap.
620 1207 698 1253 36),
733 1206 864 1242 deinde
899 1206 1062 1253 praemia
1087 1207 1230 1253 maj0ra
1262 1206 1452 1254 proposita
1487 1206 1540 1242 eis
1567 1206 1681 1243 fuisse
1709 1208 1803 1255 (cap.
1832 1206 1908 1253 37),
1936 1209 2014 1243 tum
2040 1205 2174 1254 prioris
2200 1205 2376 1254 temporis
2402 1205 2553 1242 formam

493 1284 530 1317 et
557 1280 857 1316 consuetudinem
882 1279 1101 1326 judiciorum
1128 1279 1363 1329 eloquentiae
1390 1280 1523 1316 favisse
1551 1282 1645 1328 (cap.
1674 1283 1722 1317 39
1752 1284 1788 1316 et
1815 1292 1894 1327 cap.
1924 1283 1973 1316 40
2000 1280 2107 1324 init.).

681 1354 724 1389 In
751 1353 822 1389 fine
850 1353 1011 1402 denique
1040 1352 1189 1399 Dialogi
1222 1364 1266 1389 ea
1300 1354 1483 1390 sententia
1509 1354 1673 1401 aperitur
1698 1354 1925 1390 imminutam
1952 1353 2201 1403 eloquentiam
2228 1364 2337 1400 aegre
2365 1352 2552 1389 ferendam

494 1438 569 1463 non
595 1438 688 1473 esse,
717 1426 806 1476 quia
832 1425 948 1461 multo
974 1426 1092 1473 magis
1120 1425 1318 1473 optandum
1346 1426 1403 1473 sit,
1430 1429 1471 1463 ut
1499 1427 1767 1475 sapientissimo
1795 1429 1832 1463 et
1858 1438 1932 1464 uno
1960 1426 2168 1463 dominante
2202 1426 2278 1463 otio
2306 1429 2342 1463 et
2376 1437 2466 1475 pace
2494 1438 2552 1464 res

494 1501 643 1547 publica
674 1501 830 1545 fruatur,
867 1511 979 1549 quam
1011 1502 1053 1535 ut
1080 1499 1272 1536 discordiis
1299 1504 1336 1536 et
1362 1501 1647 1536 dissensionibus
1682 1501 1897 1548 perturbata
1930 1500 2119 1537 materiam
2147 1500 2353 1536 oratoribus
2380 1499 2552 1535 submini-

495 1576 596 1610 stret.
628 1593 671 1599 —
702 1573 783 1609 Tali
809 1573 918 1609 modo
946 1573 1149 1609 sententiae
1177 1574 1374 1609 amicorum
1404 1574 1592 1621 oppositae
1619 1586 1642 1609 a
1662 1575 1828 1610 Materno
1856 1576 2134 1622 componuntur,
2165 1574 2229 1624 qui
2255 1576 2296 1609 ut
2318 1573 2553 1623 antiquorum

494 1647 743 1698 eloquentiam
771 1647 983 1693 admiratur,
1010 1648 1063 1682 ita
1088 1647 1256 1694 proprias
1282 1647 1409 1683 laudes
1436 1648 1638 1694 praesentis
1672 1649 1802 1684 aetatis
1838 1660 1925 1684 vere
1959 1649 2127 1695 agnoscit
2159 1648 2332 1698 idemque
2355 1648 2434 1694 jam
2459 1647 2553 1682 bene

497 1722 649 1768 putatur
685 1720 830 1767 fecisse,
869 1720 970 1771 quod
1008 1720 1129 1757 causis
1165 1720 1375 1757 forensibus
1412 1720 1554 1757 omissis
1589 1723 1706 1758 totum
1740 1721 1900 1758 animum
1927 1733 2146 1772 omnemque
2174 1732 2297 1758 curam
2324 1720 2362 1756 in
2388 1720 2554 1757 versibus

495 1793 670 1829 faciendis
698 1793 834 1840 posuit.

1477 1939 1587 1985 11.

1514 2041 1552 2082 1.

684 2129 743 2165 Ex
760 2130 819 2165 his
837 2140 932 2177 quae
951 2128 1112 2165 diximus
1130 2129 1218 2165 satis
1237 2132 1387 2177 apparet
1404 2129 1443 2164 in
1461 2139 1506 2165 ea
1524 2129 1747 2177 quaestione,
1768 2141 1860 2177 quae
1879 2130 2034 2166 maxime
2054 2130 2245 2167 tractanda
2263 2133 2353 2177 erat,
2377 2130 2554 2166 minorem

500 2204 615 2240 libelli
641 2207 782 2251 partem
809 2203 965 2249 versari,
1001 2204 1173 2250 quoniam
1200 2204 1391 2239 duodecim
1418 2203 1482 2238 illa
1509 2203 1650 2251 capita,
1679 2204 1809 2250 quibus
1837 2216 1894 2240 res
1921 2205 2080 2239 maxima
2107 2205 2333 2251 continetur,
2370 2215 2444 2239 non
2469 2204 2553 2251 plus

495 2277 666 2314 trientem
701 2277 815 2313 totius
851 2276 936 2312 libri
974 2276 1125 2313 faciunt.
1200 2277 1330 2324 Itaque
1367 2288 1442 2313 non
1479 2277 1612 2323 miror,
1658 2277 1756 2324 quod
1793 2277 1838 2312 ab
1876 2278 1929 2313 eis
1968 2278 2030 2325 qui
2067 2290 2195 2325 pamm
2234 2278 2444 2326 cogitabant
2481 2289 2555 2314 non

494 2350 678 2398 integrum
695 2350 892 2397 Dialogum
920 2361 1012 2396 esse,
1042 2349 1107 2386 sed
1132 2349 1238 2385 valde
1264 2350 1470 2386 mutilatum
1493 2369 1536 2376 —
1559 2361 1631 2397 quo
1650 2350 1688 2385 in
1705 2362 1855 2387 numero
1874 2350 2154 2387 Klossmannum
2162 2351 2196 2396 ²¹¹)
2214 2351 2361 2388 nomino
2381 2371 2424 2377 —
2446 2351 2554 2387 homo

496 2423 691 2460 mediocris
716 2424 866 2470 ingenii,
894 2435 941 2460 ne
970 2424 1058 2470 quid
1085 2424 1235 2470 gravius
1263 2424 1394 2470 dicam,
1424 2427 1554 2459 auctor
1580 2424 1799 2459 nominatur.

684 2496 778 2533 Nam
806 2508 1027 2544 quamquam
1052 2496 1163 2544 longe
1189 2497 1354 2544 profecto
1384 2496 1508 2543 abest,
1547 2499 1589 2532 ut
1623 2496 1785 2544 priorum
1813 2497 2021 2533 criticorum
2049 2509 2209 2534 errorem
2237 2500 2384 2534 secutus
2412 2497 2557 2534 credam

496 2568 680 2617 perfectos
708 2571 746 2606 et
772 2569 940 2607 omnibus
966 2569 1127 2607 numeris
1163 2569 1352 2607 absolutos
1387 2582 1467 2607 esse
1494 2571 1640 2606 veteres
1667 2559 1882 2618 scriptores,
1918 2573 2041 2607 tamen
2076 2570 2121 2607 ab
2158 2570 2255 2607 omni
2281 2571 2377 2608 bono
2406 2572 2557 2607 auctore

496 2643 535 2678 id
557 2644 644 2691 jure
671 2654 797 2691 posco,
824 2646 866 2680 ut
892 2644 930 2680 in
958 2655 1038 2681 eam
1065 2655 1142 2680 rem
1170 2655 1265 2692 quae
1292 2644 1507 2692 gravissima
1534 2647 1590 2680 est
1615 2644 1811 2680 maximam
1839 2644 2014 2681 orationis
2041 2647 2182 2692 partem
2210 2645 2386 2682 conferat.
2435 2644 2557 2687 Quare

496 2717 768 2765 vituperatione
796 2728 883 2754 sane
911 2717 1042 2765 dignus
1069 2720 1167 2754 esset
1192 2717 1299 2764 idem,
1329 2729 1436 2765 quem
1464 2717 1678 2765 ceteroquin
1706 2717 1874 2754 subtilem
1905 2720 1941 2753 ct
1963 2717 2192 2765 ingeniosum
2226 2729 2306 2755 esse
2329 2717 2557 2764 conceditur,

497 2791 569 2826 nisi
591 2791 628 2826 in
650 2791 763 2827 tertia
780 2791 929 2838 Dialogi
955 2794 1059 2838 parte
1087 2792 1276 2839 complura
1302 2792 1483 2827 excidisse
1511 2802 1745 2826 sumeremus.
1784 2791 2011 2838 Quamquam
2032 2803 2099 2826 nec
2123 2791 2316 2827 defuerunt
2336 2803 2405 2827 nec
2428 2789 2559 2827 desunt

500 2864 566 2914 qui
591 2864 695 2901 libris
721 2875 833 2901 manu
868 2864 1013 2912 scriptis
1049 2864 1158 2901 fidem
1191 2876 1265 2901 non
1298 2864 1460 2901 habeant
1492 2863 1646 2900 multum
1681 2864 1776 2901 inter
1812 2875 1916 2912 capp.
1946 2866 1993 2901 35
2022 2867 2059 2901 et
2087 2867 2135 2902 36
2165 2864 2292 2901 deesse
2325 2865 2558 2910 testantibus,

688 2997 719 3037 *)
740 2999 892 3039 Prolegg.
922 3000 956 3029 in
978 2999 1108 3040 Dialog.
1137 3000 1177 3030 de
1200 2999 1382 3031 oratoribus
1413 2999 1508 3030 claris
1531 3000 1661 3030 Vratisl.
1686 2998 1775 3030 1819.
1820 3000 1869 3030 Cf.
1895 2999 2021 3040 judicia
2047 3001 2190 3031 Ernestii
2219 3001 2318 3040 praef.
2350 3005 2426 3031 tom.
2449 2999 2465 3028 1
2486 3008 2558 3038 pag.

500 3051 587 3087 LXI,
609 3050 788 3082 Gutmanui
811 3051 910 3082 Orell.
934 3051 1011 3082 edit.
1032 3061 1061 3082 a.
1082 3050 1164 3083 1830
1185 3062 1279 3094 pagg.
1304 3051 1365 3084 106
1387 3056 1421 3084 et
1444 3051 1515 3091 109.
1538 3053 1591 3083 Fr.
1614 3053 1652 3084 A.
1676 3052 1784 3084 Wolfii
1805 3052 1942 3083 Miscell.
1965 3062 2040 3094 pag.
2066 3050 2135 3084 158.
