2880 3716
2292 348 2341 390 11

285 472 493 525 sapientiae
529 470 611 517 ejus
646 470 765 506 studio
799 473 931 507 auctae
966 467 1057 517 sint,
1094 470 1159 509 sed
1195 472 1304 508 etiam
1332 472 1459 508 favore
1486 471 1699 524 principum
1725 473 1762 507 in
1790 473 1963 508 invidiam
1992 475 2224 508 commutato.
2278 474 2348 509 Ac-

283 547 436 585 cessisse
471 543 572 594 quod
607 543 822 593 eloquentia
855 544 994 580 forensi
1027 545 1190 592 graviter
1225 549 1441 592 aegrotante
1471 547 1652 593 juvenum
1686 546 1836 582 licentia
1868 546 2044 582 audacter
2078 546 2246 596 eruperit
2281 558 2349 582 nec

285 619 358 658 loci
378 618 570 665 maiestate
591 628 659 654 nec
682 616 876 654 sanctitate
897 616 1020 666 legum
1051 630 1120 655 nec
1142 617 1254 655 officii
1283 618 1462 669 dignitate
1483 631 1667 671 repressa.
1706 620 1834 670 Atque
1857 620 1959 670 quod
1985 631 2097 656 unum
2123 619 2353 670 superfuerit

284 690 528 747 praesidium,
565 690 684 728 famae
720 690 944 743 periculum,
989 691 1173 729 sublatum
1207 703 1288 730 esse
1323 693 1552 744 corrogando
1588 693 1778 731 auditores
1814 696 1851 730 et
1885 693 2056 745 plausum
2093 692 2350 745 clamoresque

284 764 533 806 conducendo.
587 765 631 800 In
657 767 826 802 extrema
853 766 1018 804 oratione
1046 766 1236 803 Secundus
1263 778 1287 803 a
1312 767 1477 805 Materno
1506 768 1603 819 petit
1637 769 1680 805 ut
1715 766 1832 814 dicat,
1868 748 2108 805 meliorumne
2141 770 2351 819 temporum

284 851 371 893 spes
398 839 457 886 sit,
485 841 523 875 et
552 850 649 889 quae
675 840 770 877 ratio
798 851 879 877 esse
906 841 1026 891 possit
1052 840 1319 876 emendationis
1346 841 1487 878 doceat.

473 912 542 948 Oui
568 913 755 948 Maternus
781 913 873 949 haec
899 914 976 950 fere
1003 913 1218 963 respondet:
1268 914 1369 949 Vitia
1394 915 1463 950 etsi
1490 915 1572 965 ipse
1601 916 1740 961 oderit,
1771 925 1869 965 quae
1896 914 2066 950 Messalla
2092 916 2131 949 et
2157 913 2347 950 Secundus

284 985 461 1022 acerrime
488 988 529 1022 ut
554 985 719 1033 integros
746 985 877 1022 deceat
902 986 1002 1023 viros
1028 986 1199 1023 insectati
1226 987 1318 1033 sint,
1354 990 1478 1027 tamen
1512 988 1721 1026 rhetoribus
1757 987 1858 1025 haud
1892 987 1944 1023 ita
1976 987 2158 1024 infensum
2193 998 2232 1023 se
2259 997 2352 1033 esse,

283 1070 358 1097 non
386 1058 488 1109 quod
521 1058 569 1095 ad
602 1059 853 1111 eloquentiam
885 1059 1134 1097 renovandam
1168 1060 1319 1097 idoneos
1340 1072 1411 1099 ,eos
1438 1061 1636 1108 existimet,
1665 1061 1730 1099 sed
1759 1060 1863 1112 quod
1889 1060 2024 1097 multos
2046 1060 2190 1097 noverit
2210 1071 2352 1097 morum

284 1132 507 1179 integritate,
535 1133 731 1169 severitate
755 1132 986 1185 disciplinae,
1009 1134 1197 1170 literarum
1220 1133 1322 1170 cultu
1345 1133 1392 1169 ad
1413 1134 1554 1170 animos
1571 1136 1750 1182 juvenum
1772 1135 1985 1171 formandos
2006 1133 2167 1170 maxime
2188 1133 2352 1170 idoneos.

286 1206 387 1248 Quos
422 1207 518 1242 inter
550 1219 663 1243 unum
711 1227 754 1233 —
799 1208 848 1244 M.
875 1208 1031 1244 Fabium
1067 1208 1332 1249 Quintilianum
1368 1208 1446 1244 sine
1482 1208 1592 1244 dubio
1628 1209 1717 1245 dicit
1764 1228 1808 1234 -
1857 1209 2018 1244 eminere
2056 1208 2243 1259 coepisse,
2287 1207 2353 1259 qui

286 1284 467 1331 quantum
493 1292 538 1317 ea
563 1281 603 1317 in
628 1293 668 1317 re
696 1282 875 1331 consequi
907 1282 1032 1331 ,possit
1065 1282 1226 1319 humana
1251 1281 1452 1327 industria,
1486 1284 1627 1321 tantum
1662 1284 1709 1319 sit
1745 1285 2013 1332 praestaturus.
2068 1281 2141 1318 Sed
2176 1293 2223 1317 ne
2257 1292 2352 1317 vana

285 1364 353 1406 spe
390 1353 529 1391 amicos
564 1354 686 1401 fallat,
722 1365 846 1406 neque
880 1353 979 1393 illius
1014 1366 1139 1406 neque
1172 1354 1266 1392 alius
1302 1354 1465 1403 cujusvis
1499 1354 1654 1395 artificio
1691 1356 1912 1394 reviviscere
1949 1367 2062 1407 posse
2097 1354 2347 1406 eloquentiam

284 1439 407 1464 rerum
433 1431 471 1464 et
496 1431 704 1480 temporum
731 1429 951 1466 necessitate
978 1429 1158 1467 amissam.
1203 1429 1299 1467 Nam
1323 1429 1417 1473 nihil
1437 1429 1475 1465 in
1497 1429 1574 1465 vita
1595 1429 1755 1466 humana
1777 1431 1947 1467 constans
1974 1440 2055 1466 esse
2083 1431 2121 1465 et
2147 1431 2348 1475 aeternum,

284 1513 408 1551 neque
436 1513 596 1553 corpora
621 1514 745 1553 neque
772 1503 933 1550 ingenia,
962 1514 1059 1554 quae
1086 1503 1149 1538 ubi
1176 1503 1337 1554 primum
1364 1514 1530 1539 crescere
1558 1514 1630 1538 non
1658 1503 1820 1554 possint,
1859 1503 1981 1538 statim
2008 1502 2220 1539 decrescere
2248 1505 2286 1540 et
2311 1502 2349 1538 in

286 1575 396 1625 pejus
422 1577 567 1612 mutari.
621 1577 715 1614 Eam
750 1577 907 1627 primam
941 1588 1021 1614 esse
1055 1577 1295 1616 humanarum
1330 1589 1452 1613 rerum
1478 1577 1618 1624 legem,
1657 1577 1716 1612 cui
1751 1578 1867 1613 omnis
1902 1579 2021 1622 aetas,
2056 1579 2186 1623 gentes
2221 1587 2347 1615 omnes

287 1652 455 1700 pareant,
485 1661 583 1700 quae
611 1650 669 1686 sui
694 1650 908 1687 memoriam
934 1650 1166 1701 reliquerint.
1223 1651 1441 1687 Inevitabile
1474 1650 1565 1686 illud
1600 1651 1716 1690 fatum
1751 1663 1797 1688 ne
1831 1662 1856 1686 a
1883 1650 2039 1686 Graecia
2075 1650 2227 1700 quidem
2253 1650 2351 1686 vinci

288 1722 468 1774 potuisse,
516 1724 776 1762 fecundissima
819 1723 1050 1773 ingeniorum
1096 1727 1261 1775 parente,
1302 1735 1397 1775 quae
1442 1735 1555 1763 unum
1592 1724 1804 1771 Homerum,
1845 1735 1956 1760 unum
1994 1723 2199 1769 Platonem,
2238 1734 2350 1774 unum

286 1797 573 1835 Demosthenem
594 1797 730 1835 tulerit.
773 1797 963 1846 Pari-lege
983 1798 1167 1836 Romanos
1188 1798 1323 1848 premi:
1348 1796 1760 1849 postquam·Ciceronis
1792 1809 1832 1833 os
1864 1796 2016 1833 sublime
2034 1799 2071 1833 et
2090 1796 2352 1847 eloquentissi-

287 1881 385 1906 mum
397 1870 609 1917 intonuerit,
621 1873 807 1909 certamen
820 1874 1007 1909 oratorum
1018 1871 1182 1909 desiisse.
1212 1871 1377 1912 Laudem
1398 1870 1530 1910 deinde
1541 1881 1674 1907 novam
1685 1882 1781 1909 novo
1797 1869 1941 1906 dicendi
1953 1880 2090 1917 genere
2103 1868 2353 1919 quaerendam

288 1944 413 1990 fuisse,
443 1944 545 1994 quod
570 1947 712 1983 mutata
738 1945 965 1995 reipublicae
992 1945 1112 1982 forma
1136 1944 1222 1995 ipsa
1248 1944 1444 1983 invexerit.
1498 1944 1592 1982 Nam
1618 1943 1666 1980 ad
1685 1946 1903 1994 temporum
1930 1942 2179 1979 conditionem
2205 1953 2354 1993 semper

285 2017 489 2059 orationem
507 2018 857 2056 accommodandam
878 2029 959 2057 esse
981 2029 1139 2068 eamque
1166 2017 1204 2054 in
1229 2018 1348 2053 libera
1367 2017 1571 2067 republica,
1600 2028 1683 2057 cum
1703 2019 1768 2052 aut
1791 2017 1975 2053 internum
1998 2015 2138 2051 oriatur
2159 2014 2353 2050 discidium

285 2093 350 2129 aut
376 2093 534 2131 externa
559 2091 615 2129 vis
641 2092 830 2129 servitium
858 2092 1068 2139 minitetur,
1097 2090 1345 2142 pulcherrime
1370 2090 1576 2128 florescere.
1631 2090 1764 2136 Testis,
1802 2089 1942 2140 inquit,
1978 2092 2034 2126 est
2071 2088 2350 2134 Demosthenes,

288 2165 353 2216 qui
372 2164 459 2203 sola
486 2165 698 2214 eloquentia
724 2167 885 2203 armatus
910 2165 1087 2204 adversus
1115 2164 1334 2208 domesticos
1369 2164 1599 2203 adversarios
1628 2167 1665 2201 et
1690 2164 1815 2201 hostes
1844 2167 2018 2200 externos
2047 2162 2247 2213 pugnavit,
2287 2161 2353 2213 qui

287 2240 431 2289 patriae
460 2241 629 2287 caritate,
659 2253 783 2277 amore
810 2241 991 2278 libertatis
1025 2241 1197 2281 incensus
1229 2239 1322 2280 nihil
1348 2239 1418 2281 nisi
1445 2239 1598 2275 sublime
1626 2239 1705 2274 sine
1733 2238 1808 2274 ullo
1837 2237 2005 2288 privatae
2033 2236 2202 2277 utilitatis
2229 2236 2351 2275 studio

287 2313 333 2349 ob
361 2314 522 2364 patriam
548 2316 587 2351 et
613 2313 800 2363 publicam
830 2326 928 2360 „rem
956 2314 1131 2361 cogitare,
1159 2313 1251 2349 nihil
1275 2313 1424 2358 humile,
1451 2312 1543 2353 nihil
1569 2312 1757 2359 abjectum
1784 2311 1911 2361 eloqui
1939 2311 2125 2360 poterat‘.
2233 2314 2236 2316 ’

470 2388 533 2426 Ita
558 2388 668 2427 homo
695 2388 824 2425 doctus
851 2388 913 2425 ille
940 2387 1224 2435 francogallicus
1247 2398 1345 2438 quae
1368 2385 1512 2427 ,addidit
1532 2385 1590 2423 his
1622 2385 1744 2425 verbis
1768 2384 1948 2432 adjungit,
1972 2395 2066 2431 quae
2087 2386 2172 2431 post
2192 2383 2361 2419 lacunam

286 2459 432 2508 integra
457 2465 682 2499 manserunt.

476 2535 586 2578 Quod
620 2536 914 2584 supplementum
949 2535 995 2572 ab
1032 2534 1198 2575 omnibus
1225 2534 1302 2571 fere
1329 2533 1398 2581 his,
1436 2533 1499 2581 qui
1525 2535 1608 2581 post
1635 2543 1718 2570 eum
1754 2530 1949 2570 ediderunt
1965 2529 2186 2578 ¹Dialoguin,
2214 2529 2361 2566 silentio

287 2608 585 2653 praetermissum
612 2610 764 2657 dignum
784 2609 874 2645 mihi
896 2608 1041 2645 videtur
1062 2619 1143 2644 esse
1167 2608 1268 2658 quod
1293 2608 1341 2644 ab
1369 2606 1552 2644 oblivione
1573 2605 1790 2642 vindicetur.
1845 2605 1969 2651 Atque
1993 2603 2203 2640 Broterium
2230 2603 2363 2639 melius

287 2681 457 2719 meritum
483 2694 565 2720 esse
590 2686 682 2731 puto
710 2684 755 2719 de
782 2683 933 2726 aureolo
961 2682 1024 2718 illo
1051 2681 1175 2719 libello
1202 2684 1301 2717 recte
1336 2680 1571 2728 percipiendo
1609 2691 1719 2729 quam
1754 2677 1953 2715 nonnullos
1988 2678 2148 2723 illorum,
2176 2677 2263 2724 quia
2289 2688 2362 2712 non

288 2754 406 2793 solum
432 2756 547 2795 multa
573 2757 701 2794 deesse
728 2759 828 2793 recte
849 2756 952 2804 vidit,
982 2755 1047 2792 sed
1073 2755 1189 2803 partis
1210 2755 1366 2792 amissae
1388 2753 1582 2801 imaginem
1609 2765 1684 2789 non
1705 2751 1862 2789 multum
1884 2762 1908 2787 a
1928 2751 2085 2788 veritate
2107 2750 2364 2787 abhorrentem

263 2857 266 2862 .
290 2831 373 2866 ante
401 2830 527 2866 oculos
552 2831 755 2878 legentium
775 2831 963 2878 exposuit.
1016 2831 1073 2868 Ac
1099 2830 1257 2878 primum
1285 2827 1442 2876 quidem,
1465 2830 1506 2864 ut
1530 2828 1713 2878 ,quaedam
1742 2826 1886 2863 minora
1913 2824 2090 2871 omittam,
2120 2836 2217 2876 quae
2243 2825 2364 2860 minus

289 2901 378 2937 mihi
404 2902 561 2950 placent,
590 2905 628 2941 id
656 2909 753 2942 recte
780 2906 911 2941 fecisse
943 2905 1033 2943 mihi
1066 2904 1214 2940 videtur
1241 2902 1338 2950 quod
1366 2901 1584 2948 Secundum,
1621 2913 1730 2947 quem
1766 2912 1842 2937 non
1883 2900 1998 2936 semel
2034 2900 2218 2946 copiosius
2254 2898 2299 2934 de
2327 2909 2366 2933 re

290 2974 480 3022 proposita
516 2975 657 3014 dixisse
692 2980 823 3026 postea
866 2988 1108 3026 exponemus,
1143 2974 1382 3025 disputationi
1419 2974 1488 3011 hoc
1525 2973 1607 3010 loco
1647 2972 1829 3021 adhibuit,
1857 2972 2080 3020 minimeque
2117 2970 2291 3017 adducor,
2327 2972 2369 3006 ut

219 3087 223 3092 ,
289 3048 442 3094 probem
471 3060 568 3100 quae
597 3052 782 3088 Gilbertus
810 3062 854 3087 ea
880 3052 927 3087 de
953 3062 994 3088 re
1022 3050 1205 3087 disseruit.
1260 3050 1333 3091 Qui
1362 3059 1444 3084 cum
1468 3047 1508 3083 id
1533 3047 1768 3095 potissimum
1798 3049 1985 3095 spectasse
2011 3048 2199 3082 auctorem
2222 3043 2369 3091 Dialogi

291 3121 472 3169 opinetur,
507 3126 548 3159 ut
584 3126 822 3162 scholasticos
850 3124 1020 3172 (Aprum)
1055 3136 1137 3160 cum
1171 3124 1290 3174 poetis
1325 3121 1520 3168 (Materno)
1558 3122 1817 3167 committeret,
1855 3120 2089 3171 antiquitatis
2124 3117 2368 3166 patrocinium

2141 3189 2184 3213 9*
